2063 2718
1144 0 1178 28 L&

331 238 470 293 potest
509 234 561 281 et·
571 244 665 282 certe
687 243 754 282 hoc
787 253 862 281 eme
888 254 958 282 non
984 244 1108 292 potest.
1162 242 1294 281 Existit
1320 254 1402 292 ergo
1430 242 1551 291 procul
1578 242 1683 281 dubio
1709 194 1856 292 aliquid,
1882 240 1884 242 ’

330 296 428 361 qno?
431 310 543 350 maius
569 311 714 360 cogitari
740 323 809 349 non
835 312 940 358 valet,
964 313 1002 350 et
1027 312 1065 350 in
1092 311 1272 350 intellectu
1300 313 1334 349 et
1361 311 1398 349 in
1426 309 1533 358 re.“¹)
1588 310 1688 359 Quod
1714 311 1854 370 quidem

325 368 586 432 ⁴a'rgi'unentum,
636 379 728 427 quod
768 379 887 417 dicunt
927 379 1169 428 entologicum,
1221 379 1376 427 quamvis
1417 378 1594 417 subtiliter
1621 378 1853 428 exmgitntnm

288 433 294 436 ⁴
331 446 525 495 acriterque
553 447 738 491 defensum,
766 448 927 495 quoniam
953 447 1123 486 existendi
1141 447 1319 485 confundit
1337 459 1414 485 cum
1433 446 1606 495 cogitandi
1625 447 1754 493 ordine,
1780 447 1852 486 vim

283 527 287 530 ·
334 514 502 563 probandi
529 526 598 552 non
625 515 738 553 habet.
762 536 810 542 ⁷—-
830 515 927 553 Mens
954 516 1068 552 autem
1095 515 1245 551 humana
1273 526 1350 552 cum
1376 514 1457 552 fidei
1483 514 1613 552 lumine
1640 516 1756 553 eareat
1781 526 1852 552 non

335 582 435 621 modo
449 582 514 620 Dei
542 582 758 620 existentiam
776 583 1016 627 demonstrare,
1044 593 1164 620 verum
1182 582 1285 620 etiam
1308 582 1382 620 eius
1401 582 1584 620 essentiam
1603 582 1852 630 quodammodo

336 649 526 699 perspicere
566 651 688 699 potest.
744 650 893 688 Uberius
920 650 956 688 S.
983 650 1111 689 Doctor
1151 650 1188 688 in
1215 649 1411 699 Monologio
1453 660 1514 688 suo
1552 649 1689 688 disserit
1716 650 1758 688 de
1785 649 1851 688 Dei

336 717 522 763 attributis,
564 718 606 756 de
646 718 788 764 ratione,
829 729 917 766 quae
957 718 1138 756 intercedit
1172 718 1263 756 inter
1288 719 1400 756 Deum
1435 720 1471 756 et
1506 720 1706 763 creaturam,
1743 720 1780 755 et
1807 719 1850 755 de

333 785 510 826 rationalis
546 788 719 825 creaturae
756 797 839 836 erga
865 786 977 825 Deum
1013 786 1144 825 officiis.
1154 784 1183 834 ⁹)
1237 786 1293 823 Ex
1329 786 1372 824 iis
1411 797 1498 834 quae
1525 786 1746 834 exposuimus
1771 786 1849 825 luce

333 854 459 892 clarius
494 857 646 903 apparet,
687 855 722 892 S.
749 853 952 892 Anselmum
993 855 1118 893 rationi
1154 854 1222 892 sibi
1258 854 1326 902 ipsi
1361 855 1500 893 relictae
1534 855 1687 902 amplum
1723 855 1850 899 orbem,

332 922 497 960 mundum
524 924 565 959 ut
590 922 640 960 ita
677 922 787 961 dicam
814 922 994 970 triplicem,
1035 922 1242 966 interiorem,
1284 922 1496 967 exteriorem,
1538 921 1747 970 superlorem
1773 932 1850 969 per-

332 991 553 1027 scrutandum
579 990 769 1038 reliquisse.
817 1012 862 1017 -—
905 990 975 1028 Sed
1001 992 1109 1028 restat
1136 989 1252 1038 gravis
1270 989 1427 1037 ¹objectio
1454 990 1652 1035 refellenda,
1694 990 1786 1037 quod
1812 989 1849 1027 S.

332 1057 459 1095 Doctor
499 1058 624 1095 rationi
665 1057 803 1105 quidem
839 1058 1044 1096 concesserit
1080 1057 1252 1105 propriam
1287 1060 1322 1094 et
1357 1058 1506 1105 amplam
1545 1058 1589 1095 ad
1624 1068 1743 1102 verum
1770 1068 1849 1106 cog-

331 1125 539 1163 noscendum
564 1124 786 1173 provinciam,
827 1127 864 1163 at
890 1136 961 1163 non
988 1124 1098 1163 eidem
1125 1125 1217 1163 intra
1244 1125 1329 1163 fines
1368 1125 1441 1163 eius
1477 1125 1683 1173 procedendi
1709 1125 1848 1173 plenam

331 1192 535 1230 libertatem.
571 1193 675 1231 Ratio
690 1193 791 1238 enim,
810 1193 938 1241 siquid
952 1193 1198 1241 excogitaverit
1214 1192 1295 1231 fidei
1313 1193 1516 1241 oppositum,
1530 1204 1643 1230 nonne
1663 1194 1704 1230 ut
1722 1193 1847 1230 falsum

330 1259 469 1298 reiicere
497 1260 654 1308 cogitur?
682 1258 823 1309 Absque
851 1260 965 1298 dubio.
1019 1260 1211 1298 Identidem
1238 1260 1384 1297 affirmat
1402 1260 1436 1296 S.
1456 1258 1650 1305 Anselmus,
1679 1259 1847 1308 quidquid

329 1328 499 1376 repugnet
535 1338 649 1365 sacrae
677 1327 874 1375 Scripturac
909 1328 966 1365 vel
992 1328 1166 1366 Ecclesiae
1201 1328 1384 1373 doctrinae,
1426 1327 1563 1365 omnino
1600 1328 1725 1364 falsum
1760 1338 1845 1365 em.

330 1394 473 1440 „Certus
510 1406 585 1432 sum
621 1394 722 1440 enim,
763 1395 793 1432 si
829 1395 912 1443 quid
948 1395 1022 1433 dico
1059 1396 1151 1443 quod
1186 1406 1300 1433 sacrae
1337 1395 1534 1443 Scriptume
1567 1395 1698 1442 absque
1739 1394 1845 1432 dubio

329 1462 549 1508 contradicat,
577 1463 658 1511 quia
686 1463 809 1500 falsum
836 1464 899 1508 est,
926 1474 990 1502 nec
1006 1463 1096 1501 illud
1114 1465 1229 1501 tenere
1247 1463 1325 1501 volo
1344 1462 1375 1500 si
1393 1465 1615 1511 cognoverc.“
1624 1460 1653 1508 ⁸)
1695 1461 1845 1508 „Nullus

329 1530 544 1569 Christianus
571 1531 672 1568 debet
699 1530 873 1579 disputare
902 1532 1069 1578 quomodo
1097 1532 1188 1579 quod
1216 1531 1359 1569 ecclesia
1395 1530 1563 1568 catholica
1600 1531 1699 1568 corde
1735 1531 1845 1569 credit

328 1600 364 1635 et
390 1609 448 1635 ore
475 1598 665 1642 confitetur,
693 1609 762 1635 non
790 1598 845 1643 sit,
880 1599 940 1636 sed
967 1609 1099 1646 semper
1126 1599 1269 1636 eandem
1294 1599 1395 1636 fidem
1423 1598 1659 1636 indubitanter
1684 1598 1843 1644 tenendo,

327 1665 471 1703 amando
512 1667 548 1703 et
588 1665 774 1703 secundum
814 1665 911 1703 illam
938 1665 1083 1703 vivendo
1111 1665 1287 1703 humiliter
1322 1667 1489 1713 quantum
1526 1667 1640 1713 potest
1681 1676 1843 1713 quaerere

275 1777 277 1779 ,
327 1732 494 1770 rationem
535 1733 701 1780 quomodo
737 1733 801 1769 sit:
848 1733 886 1769 Si
922 1734 1036 1780 potest
1061 1733 1267 1781 intelligere,
1308 1733 1381 1770 Deo
1410 1732 1540 1781 gratias
1567 1735 1667 1780 agat;
1714 1733 1746 1769 si
1772 1744 1842 1770 non

326 1802 450 1849 potest,
494 1812 564 1838 non
604 1799 767 1839 immittat
807 1811 933 1839 cornua
974 1800 1018 1838 ad
1059 1800 1305 1845 ventilandum,
1351 1800 1411 1838 sed
1445 1800 1626 1839 submittat
1660 1802 1765 1849 caput
1798 1801 1842 1839 ad

326 1867 624 1916 venerandum.“⁴)
678 1870 720 1907 In
748 1870 813 1908 hac
840 1868 976 1918 quidem
1002 1880 1039 1907 rc
1064 1880 1180 1907 omnes
1207 1868 1310 1906 medii
1337 1868 1414 1907 aevi
1441 1869 1596 1907 docteres
1623 1869 1842 1908 consentiunt

433 2017 456 2053 ¹)
474 2016 560 2046 Prosl.
579 2025 601 2046 c.
622 2018 648 2046 2.
668 2016 702 2045 cf.
720 2016 797 2053 Apol.
818 2017 887 2045 cont.
908 2015 1015 2045 Gannil.
1034 2023 1056 2044 c.
1077 2017 1101 2045 1.

433 2067 456 2101 ⁵)
475 2066 601 2100 „clarum
629 2068 671 2094 est
697 2074 761 2101 ergo
788 2065 946 2093 rationalem
973 2066 1123 2093 creaturam
1140 2066 1229 2093 totum
1257 2073 1336 2093 suum
1355 2074 1432 2100 posse
1449 2066 1478 2093 et
1494 2065 1564 2094 vello
1581 2065 1618 2094 nd
1635 2065 1837 2094 munerandum

322 2117 353 2146 ot
374 2115 578 2154 intelligendum
603 2116 632 2144 et
652 2114 798 2144 amandum
821 2122 955 2142 summum
979 2113 1078 2143 bonnm
1095 2113 1247 2151 impendere
1264 2113 1367 2151 debere,
1386 2113 1421 2143 ad
1439 2113 1511 2151 quod
1527 2114 1617 2150 ipsum
1635 2121 1693 2143 eene
1711 2121 1791 2143 nuum
1808 2122 1838 2142 ιε

324 2167 462 2202 cognoscit
478 2166 600 2194 bebere.¹¹
638 2165 738 2194 Monoi.
756 2174 779 2193 c.
798 2166 841 2194 68.

423 2216 454 2250 -⁸)
472 2214 528 2242 Cur
545 2214 619 2242 Deus
636 2214 716 2242 homo
733 2213 757 2249 Ι,
777 2215 819 2242 18.
837 2213 871 2241 cf.
889 2213 954 2241 ibid.
973 2213 997 2248 1,
1016 2215 1041 2241 2.

429 2266 453 2301 ⁴)
470 2264 512 2294 De
528 2265 582 2294 fide
599 2265 685 2293 trinit.
706 2272 728 2293 c.
749 2265 775 2293 2.

1614 2318 1654 2347 20
