2063 2718
764 348 1290 393 AUCTORITATF,

362 455 910 540 REc'roRlS
980 465 1108 540 ΕΤ
1181 462 1667 541 SENATUS

785 603 1073 659 CIVIBUS
1113 603 1164 658 S.
1202 604 1265 659 D,

554 712 953 747 GEORGms
988 704 1501 755 HAG-mm,

606 775 825 801 PHILOSOPHIAE
844 775 956 801 DOCTOR
973 775 1164 802 EIUSDEHQUE
1182 775 1351 801 PROFESSOR
1369 775 1394 800 P.
1414 775 1437 801 0,

375 905 495 957 Medii
532 921 607 957 aevi
644 920 907 968 philosophiam,
945 932 1047 967 quam
1084 923 1209 957 vocant
1241 922 1497 966 Scholastieam,
1533 921 1781 959 recentioribus

263 988 434 1025 aetatibus
462 989 663 1035 plerumque
698 988 900 1035 ignoratam,
937 989 1139 1035 despectam,
1175 989 1349 1035 explosam
1384 989 1499 1033 fuisse,
1536 989 1627 1026 inter
1662 1000 1781 1026 omnes

264 1057 408 1093 constat.
463 1055 561 1092 Alios
598 1057 638 1091 ut
674 1055 942 1102 praetermittam
980 1056 1227 1102 vituperatores
1255 1056 1398 1093 Diderot
1425 1067 1498 1092 eam
1525 1058 1625 1093 vocat
1652 1056 1780 1093 vulnus

263 1122 405 1160 rationis
433 1123 600 1160 humanae
628 1122 822 1160 maximum.
833 1121 861 1169 ¹)
906 1121 1023 1170 Atque
1050 1124 1167 1160 nostra
1194 1124 1304 1160 aetate
1323 1122 1469 1170 Hegelio
1488 1123 1639 1160 medium
1656 1134 1778 1160 aevum

264 1200 333 1227 non
360 1191 431 1228 tam
457 1200 659 1238 progressus
687 1201 790 1237 quam
817 1201 993 1238 regressus
1021 1189 1057 1227 in
1084 1185 1164 1227 vero
1192 1189 1393 1236 inquirendo
1419 1189 1538 1227 fecisse
1551 1189 1664 1227 visum
1677 1189 1779 1237 est')

262 1257 391 1305 Negari
419 1257 556 1305 quidem
583 1263 663 1295 non·
678 1259 803 1305 potest,
830 1257 924 1295 hisee
952 1257 1079 1295 nostris
1106 1257 1317 1305 temporibus
1337 1257 1441 1295 medii
1459 1257 1534 1295 aevi
1553 1269 1631 1296 eum
1649 1260 1780 1298 ceteras

263 1325 381 1363 literas
409 1328 567 1373 artesque
595 1328 669 1362 tum
696 1325 949 1373 philosophiam
988 1337 1055 1372 quo
1083 1325 1283 1373 diligentius
1310 1325 1572 1373 investigentur,
1600 1337 1640 1364 eo
1667 1325 1780 1374 pluris

263 1392 446 1431 aestimari.
502 1393 626 1430 Restat
653 1395 767 1430 tamen
794 1393 886 1441 apud
913 1393 1040 1430 multos
1067 1395 1312 1441 praeoccupata
1340 1393 1464 1441 opinio,
1493 1381 1639 1432 Scholae
1665 1393 1780 1442 philo-

262 1462 397 1507 sophos,
444 1472 521 1497 eum
557 1462 626 1498 fere
661 1473 778 1498 omnes
814 1461 967 1509 theologi
1004 1460 1141 1505 fuerint,
1187 1471 1302 1498 veram
1337 1463 1441 1508 atque
1483 1461 1668 1509 genuinam
1708 1472 1779 1499 non

262 1528 444 1565 tradidisse
471 1529 734 1576 philosophiam,
781 1529 840 1565 sed
875 1528 956 1564 fidei
990 1528 1205 1576 dogmatibus
1242 1528 1404 1564 coercitos
1441 1539 1509 1565 non
1536 1530 1607 1565 tam
1635 1528 1779 1567 rationis

262 1595 370 1632 solius
405 1596 521 1632 lumen
568 1608 670 1642 quam
707 1597 903 1644 dogmatum
931 1597 1086 1643 regulam
1120 1605 1193 1632 esse
1221 1597 1365 1632 secutos.
1421 1595 1521 1632 Unde
1549 1596 1638 1633 hane
1664 1595 1778 1643 philo-

262 1662 417 1709 sophiam
445 1674 521 1699 eum
549 1663 680 1699 nullam
716 1662 783 1699 sibi
817 1662 989 1710 propriam
1024 1662 1232 1709 provinciam
1267 1662 1437 1707 habuerit,
1475 1662 1637 1700 scientiae
1665 1662 1778 1710 digni-

261 1731 332 1767 tate
369 1729 529 1774 caruisse,
575 1729 746 1777 fuisseque
783 1728 1056 1777 „philosophiam
1089 1729 1126 1766 in
1170 1729 1370 1766 servitutem
1415 1729 1608 1777 theologiae
1642 1730 1778 1778 Papeae

261 1795 500 1842 redaetam.“³)
698 1796 703 1800 ’

373 1940 393 1973 ¹)
413 1939 509 1972 „Cette
526 1939 694 1974 philosophie
716 1947 734 1967 a
756 1938 798 1967 ete
821 1947 873 1966 une
899 1938 946 1966 des
969 1938 1031 1974 plus
1054 1937 1168 1974 grandes
1187 1937 1270 1973 plaies
1294 1937 1327 1965 de
1350 1937 1456 1974 l'esprit
1478 1937 1615 1967 hnmainst‘
1654 1937 1775 1972 Didomt,

260 1997 370 2017 oeuvres
388 1990 414 2017 t.
430 1989 507 2024 XIX,
526 1991 588 2018 372.

369 2038 391 2074 ²)
412 2038 460 2072 „ln
479 2038 586 2067 solehen
606 2038 695 2066 Zeiteu
716 2038 837 2075 (exeunte
854 2045 891 2065 sc.
911 2037 998 2066 medio
1016 2038 1091 2072 aevo)
1110 2037 1243 2066 erscheint
1260 2037 1308 2065 der
1326 2038 1412 2073 Geist,
1442 2038 1483 2066 als
1501 2037 1535 2066 ob
1552 2045 1591 2073 er,
1616 2037 1663 2070 der
1680 2037 1777 2066 verber

258 2088 334 2115 einen
352 2088 581 2124 Schneckengaug
597 2089 625 2116 in
644 2089 730 2116 seiner
749 2088 946 2124 Entwieklung,
977 2087 1166 2115 Rfickschritte
1190 2086 1301 2123 gethan,
1332 2086 1389 2115 sich
1408 2095 1458 2115 von
1478 2087 1536 2116 sich
1554 2087 1672 2116 entfemt
1689 2086 1775 2124 hitto,

260 2137 304 2166 dio
318 2138 601 2167 Siebenmeilenstiefel
617 2139 745 2173 angelegt
758 2138 850 2166 habe!
889 2138 985 2172 Hegel,
1003 2137 1163 2164 Gesehiehte
1181 2137 1228 2163 der
1246 2136 1347 2164 Philus.
1367 2138 1420 2171 111,
1440 2139 1501 2165 266.

369 2187 392 2224 ⁸)
411 2186 561 2224 Heumann,
581 2187 664 2223 praef.
683 2186 718 2216 ad
735 2186 796 2216 libr.
815 2186 953 2217 Tribbeeh.
973 2185 1005 2215 de
1023 2186 1122 2215 doctor.
1141 2186 1223 2214 schol.

1562 2241 1594 2270 ι.
