2063 2718
386 291 473 330 eum
499 292 610 342 igitur
636 294 673 331 S.
700 291 887 332 Anselmus
916 294 981 332 soli
1008 294 1132 333 rationi
1160 294 1231 332 vim
1258 294 1332 332 veri
1350 294 1569 343 intelligendi
1597 294 1804 341 attribuerit,
1844 313 1848 316 ⁴

274 360 343 408 iam
379 361 574 399 accuratius
608 361 708 400 nobis
743 363 826 400 haec
864 349 1007 400 rationis
1042 363 1095 400 vis
1133 365 1236 410 atque
1273 362 1424 411 dignitas
1463 365 1516 401 est
1531 381 1535 383 ·
1551 362 1803 412 investiganda,

278 439 338 465 seu
366 428 440 466 veri
469 429 633 478 cognitio,
661 441 749 478 quae
776 431 878 468 fidem
906 431 1094 478 praecedat,
1123 430 1336 478 inquirenda,

388 519 553 567 Quisquis
580 530 679 557 veras
707 531 763 557 res
791 521 899 573 solius
927 521 1069 559 rationis
1096 519 1311 567 inquisitioni
1338 520 1474 567 pervias
1511 531 1584 557 esse
1619 521 1803 566 contendit,

277 589 357 625 ante
395 587 510 625 omnia
546 588 712 626 rationem
746 600 864 626 verum
894 600 1096 637 cognoscere
1132 590 1167 625 et
1201 600 1263 635 pro
1301 591 1391 626 certo
1429 589 1555 626 habere
1590 600 1690 636 posse
1727 600 1804 637 per-

277 665 418 692 suasum
455 655 557 692 debet
593 656 731 693 habere.
789 655 887 702 Quod
924 656 982 703 qui
1019 658 1133 703 negat,
1179 655 1315 692 omnino
1353 655 1603 703 scepticismum
1648 655 1804 700 incurrit,

277 732 390 768 neque
418 722 546 759 rationi
575 723 762 769 quidquam
791 722 863 759 veri
900 723 1125 770 cognoscendi
1161 723 1230 759 vim
1266 723 1429 760 concedit.
1486 723 1560 770 Qua
1588 724 1629 759 de
1657 734 1694 760 re
1722 723 1806 770 quid

278 788 425 826 senserit
453 789 489 826 S.
517 788 714 835 Amemus,
752 789 850 827 facile
888 792 940 827 est
977 781 1165 827 intellectu.
1221 790 1426 827 Persuasum
1455 790 1591 837 quidem
1619 790 1725 828 habet
1751 801 1805 828 ra-

278 857 408 894 tionem
436 859 622 895 humanam
649 857 755 895 errori
784 858 975 902 obnoxiam,
1005 858 1155 895 tenebris
1183 858 1383 902 involutam,
1418 858 1682 905 instabilemque
1721 870 1804 896 esse.

280 926 457 971 „Intendit
486 938 521 964 se
550 926 695 974 (anima)
724 928 763 963 ut
790 927 870 974 plus
898 926 1012 964 videat
1040 928 1075 964 et
1103 926 1191 963 nihil
1219 926 1313 963 videt
1349 927 1442 964 ultra
1480 927 1570 974 quod
1603 926 1702 972 vidit,
1739 926 1807 965 nisi

278 995 469 1031 tenebras.“
480 993 508 1040 1)
574 994 772 1038 „Instabilis
813 1005 910 1030 meus
945 1005 1020 1030 mea
1056 996 1090 1030 et·
1125 1005 1203 1030 vcrc
1240 995 1282 1031 ab
1321 994 1411 1030 omni
1448 996 1536 1030 bono
1574 1006 1691 1038 vacua,
1738 995 1805 1031 cito

278 1061 411 1099 labitur
448 1062 492 1098 ad
528 1049 645 1098 inania
682 1064 716 1098 et
753 1062 855 1099 noxia
891 1062 986 1098 velut
1023 1062 1131 1108 palea,
1179 1073 1280 1108 qnam
1316 1061 1511 1106 levissimus
1547 1062 1674 1099 fluetus
1710 1062 1806 1099 venti

278 1129 440 1165 exsufflat
477 1129 519 1165 de
557 1127 703 1173 aream)
759 1128 873 1175 Atque
911 1139 1030 1164 verum
1057 1140 1124 1164 non
1161 1139 1233 1164 esse
1270 1128 1416 1164 affirmat
1452 1128 1520 1164 nisi
1557 1128 1592 1164 in
1621 1129 1694 1165 solo
1722 1129 1804 1165 Deo.

282 1195 413 1244 „Quam
440 1196 555 1243 ampla
583 1198 636 1233 est
664 1196 726 1233 illa
753 1196 881 1233 veritas
919 1196 954 1233 in
991 1208 1058 1243 qua
1096 1197 1147 1232 est
1175 1206 1273 1233 omne
1302 1196 1390 1243 quod
1420 1207 1536 1233 verum
1566 1198 1618 1233 est
1645 1198 1680 1233 et
1708 1198 1806 1233 extra

282 1275 385 1312 quam
421 1275 491 1301 non
526 1263 594 1301 nisi
630 1263 720 1300 nihil
756 1265 791 1301 et
828 1264 952 1300 falsum
988 1264 1079 1300 est!“
1089 1262 1117 1308 ³)
1172 1264 1227 1300 Ex
1255 1263 1310 1300 his
1344 1274 1423 1300 vero
1452 1263 1482 1300 si
1510 1263 1588 1311 quis
1616 1263 1805 1312 colligeret,

281 1332 317 1368 S.
346 1332 528 1369 Doctorem
564 1331 730 1368 rationem
768 1332 952 1368 humanam
980 1332 1023 1368 ad
1061 1341 1179 1368 verum
1208 1331 1480 1378 cognoscendum
1507 1333 1622 1378 aptam
1650 1342 1806 1379 negasse,

281 1400 502 1437 vehementer
529 1401 666 1437 erraret.
711 1399 858 1437 Ratione
887 1399 977 1436 enim
1007 1410 1074 1446 qua
1092 1398 1158 1436 Dei
1186 1398 1453 1447 angelorumque
1479 1397 1602 1436 similis
1621 1398 1767 1437 efficitur
1776 1398 1805 1446 ⁴)

282 1467 459 1515 praeditus
486 1468 588 1504 homo
616 1469 729 1514 potest
757 1467 948 1504 discernere
976 1478 1094 1503 verum
1124 1478 1144 1503 a
1172 1466 1257 1503 falso
1287 1466 1378 1502 sicut
1413 1466 1542 1503 bonum
1571 1468 1606 1502 et
1633 1466 1761 1503 iustum
1788 1478 1810 1504 a

282 1546 351 1571 11011
379 1535 469 1571 110110
498 1537 533 1573 et
560 1546 629 1571 non
657 1534 757 1571 iusto.
815 1534 1011 1578 „Rationali
1026 1536 1198 1580 naturae,“
1228 1531 1388 1580 inquit,⁶)
1417 1544 1506 1579 „non
1532 1535 1585 1570 est
1612 1533 1706 1570 aliud
1734 1545 1808 1571 esse

282 1601 485 1639 rationalem
514 1612 616 1649 quam
644 1612 744 1649 posse
772 1601 962 1639 discemere
990 1601 1119 1639 iustum
1148 1612 1168 1638 a
1196 1612 1264 1638 non
1292 1600 1395 1645 iusto,
1423 1611 1542 1637 velum
1570 1612 1591 1637 a
1618 1611 1686 1638 non
1714 1611 1806 1646 vero,

282 1670 411 1706 1101111111
447 1681 469 1705 a
502 1681 572 1705 non
607 1671 707 1713 bono,
745 1670 854 1706 maius
893 1671 1020 1705 bonum
1048 1681 1068 1705 a
1096 1669 1209 1704 minus
1238 1669 1358 1705 bono.“
1415 1668 1547 1705 Deinde
1575 1668 1706 1705 ratione
1734 1669 1808 1705 sola

282 1737 382 1773 homo
410 1738 525 1784 potest
553 1736 687 1774 diversa
715 1736 804 1774 inter
832 1747 867 1774 se
897 1747 1090 1784 comparare
1126 1738 1228 1783 atque
1266 1735 1335 1773 alia
1362 1735 1554 1784 colligendo
1584 1746 1627 1772 ex
1663 1735 1742 1773 aliis
1769 1735 1807 1773 111

280 1815 362 1841 vero
395 1804 636 1851 investigando
664 1805 835 1851 proficere.
894 1805 979 1849 „Est
1006 1815 1153 1850 namque
1182 1804 1268 1841 ratio
1297 1804 1333 1840 in
1363 1804 1486 1847 anima,
1523 1815 1591 1850 qua
1628 1804 1717 1841 sicut
1745 1815 1807 1841 suo

280 1871 510 1909 instrumento
538 1872 649 1909 utitur
677 1872 719 1909 ad
744 1870 1053 1917 rationandnm.“⁶)
1101 1870 1251 1916 Accedit,
1280 1871 1370 1918 quod
1395 1870 1508 1908 anima
1526 1871 1676 1908 humana
1694 1870 1807 1919 imago

392 2014 413 2050 ¹)
432 2013 519 2042 Prosl.
538 2022 559 2042 c.
582 2015 623 2043 14.

390 2065 412 2099 ²)
430 2063 524 2093 Medit.
546 2065 588 2099 19,
609 2065 633 2092 7.

389 2113 411 2149 ¹³)
430 2112 516 2141 Prosl.
537 2121 560 2141 c.
581 2114 622 2141 14.

388 2165 411 2199 ⁴)
429 2163 580 2192 Rationalis
603 2165 703 2192 natura
727 2172 779 2191 non
805 2165 846 2191 est
874 2164 925 2191 uisi
947 2164 1018 2191 Deus
1042 2165 1070 2192 et
1088 2163 1207 2200 Angelus
1232 2164 1260 2190 et
1285 2162 1376 2191 anima
1400 2162 1517 2191 hominis
1543 2171 1590 2197 por
1620 2170 1701 2197 quam
1728 2160 1808 2189 1101110

277 2213 377 2241 dicitur
395 2213 537 2241 rationalis
555 2215 583 2240 et
601 2214 659 2241 sine
677 2222 731 2248 qua
751 2222 802 2240 non
822 2215 864 2240 est
883 2213 969 2240 homo.
1007 2214 1047 2240 De
1066 2222 1135 2240 conc.
1156 2213 1224 2247 virg.
1244 2214 1272 2239 et
1290 2213 1356 2246 orig.
1377 2220 1432 2246 pec.
1452 2220 1474 2239 c.
1493 2214 1520 2241 3.

387 2264 410 2296 ⁶)
429 2263 528 2291 Monol.
547 2271 569 2290 c.
589 2264 633 2292 68.
652 2263 684 2290 cf.
706 2262 763 2290 Cur
781 2262 854 2290 Deus
873 2262 961 2297 homo,
980 2262 1017 2297 ΙΙ,
1040 2263 1063 2290 1.

387 2314 410 2347 ο)
429 2313 470 2340 De
488 2321 558 2341 conc.
578 2312 668 2347 praed.
687 2320 747 2339 cum
767 2312 812 2339 lib.
833 2311 890 2339 arb.
910 2312 934 2345 Q
961 2312 1013 2339 111.
1033 2320 1054 2339 c.
1075 2313 1118 2340 ll.
