2063 2718
271 195 319 233 12

267 313 344 341 cum
371 301 406 340 S.
435 300 611 347 Anselmo‚
656 303 760 351 atque
789 303 916 341 debent
951 301 1153 348 consentire,
1199 301 1394 351 quicunque
1426 311 1546 339 verum
1581 302 1787 349 cognoscere

266 371 397 408 sineere
434 372 584 407 student.
641 371 770 408 Verum
807 372 898 408 enim
935 383 1012 408 cum
1048 382 1127 408 vero
1165 382 1319 419 pugnare
1346 382 1415 407 non
1442 370 1565 417 potest.
1621 367 1786 416 Quisquis
1814 398 1816 400 .
1858 371 1861 373 ’

265 438 375 487 igitur
403 449 491 487 quae
518 439 727 477 revelatione
754 438 872 477 divina
906 439 1125 478 continentur
1161 438 1332 477 doctrinas
1359 449 1457 476 veras
1485 447 1558 475 esse
1584 446 1786 484 persuasum

266 507 382 551 habet,
428 518 506 543 eum
543 519 628 554 quas
665 508 752 544 forte
789 507 845 544 his
881 507 1068 545 contrarias
1104 507 1235 544 ratione
1271 504 1525 553 excogitaverit,
1571 504 1675 541 falsas
1711 514 1785 541 esse

266 584 405 612 necesse
420 576 473 611 est
487 574 651 612 confiteri.
690 573 783 623 Quae
804 586 881 612 cum
899 575 949 612 ita
968 574 1046 619 sint,
1066 574 1152 611 ratio
1171 574 1208 610 in
1226 573 1471 621 perscrutando
1489 583 1569 609 vero
1591 583 1660 609 non
1678 571 1785 619 impe-

268 641 372 685 ditur,
401 642 461 679 sed
488 642 605 689 potius
632 642 824 679 adiuvatur.
870 643 960 678 Nam
988 653 1065 679 cum
1092 642 1183 678 viam
1205 642 1248 678 ad
1266 651 1384 678 verum
1402 640 1651 687 assequendum
1669 641 1785 676 tenere

268 709 415 753 studeat,
457 709 583 746 mirum
616 711 782 756 quantum
810 709 1021 756 prohibetur,
1062 719 1105 745 ne
1133 709 1277 752 aberret,
1320 708 1349 744 si
1384 707 1453 744 iam
1493 707 1675 744 terminum
1710 706 1784 744 eius

268 776 445 823 cognitum
473 777 588 813 habet.
644 777 720 814 Hoc
746 777 845 813 modo
880 775 1043 813 revelatio
1072 776 1189 812 divina
1224 775 1256 812 ei
1284 775 1383 822 quasi
1415 775 1581 821 quaedam
1608 775 1678 811 dux
1706 774 1786 811 data

268 845 332 888 est,
361 854 429 890 quo
457 844 594 881 facilius
622 844 665 881 ab
695 854 805 881 errore
834 843 1066 890 prohibeatur.
1123 843 1289 879 Similiter
1325 853 1380 879 res
1417 853 1453 879 se
1490 842 1595 879 habet
1622 842 1660 878 in
1687 842 1789 878 rebus

268 913 413 949 naturae
441 911 657 960 indagandis.
677 901 689 906 ⁸
712 911 815 949 Ratio
844 911 920 958 ipsa
947 911 1082 948 omnino
1111 911 1219 948 libere
1256 910 1428 958 inquirere
1464 912 1588 958 potest,
1629 921 1684 947 res
1712 903 1789 946 sen-

269 978 366 1016 sibus
395 979 547 1016 obiectae
577 979 660 1026 quid
688 979 755 1016 sibi
782 979 902 1023 velint,
932 979 1098 1026 quomodo
1125 978 1216 1015 inter
1234 989 1270 1016 se
1290 989 1461 1015 connexae
1480 979 1788 1025 concatenataeque

270 1046 351 1090 sint,
380 1046 507 1093 quibus
535 1046 673 1093 legibus
702 1047 906 1094 dirigantur,
934 1049 969 1083 et
996 1057 1082 1093 quae
1111 1048 1192 1083 sunt
1219 1046 1369 1082 eiusdem
1393 1045 1537 1093 generis.
1585 1045 1648 1082 Sin
1675 1047 1791 1081 antem

269 1113 338 1151 iam
375 1124 430 1150 res
468 1114 634 1160 quaedam
670 1116 705 1151 et
740 1114 836 1161 leges
863 1116 1005 1150 naturae
1034 1115 1115 1150 sunt
1142 1113 1342 1160 patefactae,
1385 1112 1471 1149 ratio
1499 1112 1565 1157 his,
1607 1112 1789 1159 quominus

254 1180 409 1217 omnino
437 1179 546 1217 libere
573 1180 822 1228 progrediatur,
851 1180 1014 1228 impedita
1040 1180 1185 1225 videtur,
1215 1180 1275 1217 sed
1302 1190 1420 1217 revera
1447 1180 1490 1217 ad
1527 1189 1646 1216 verum
1674 1190 1790 1217 conse-

271 1248 445 1295 quendum
482 1247 673 1285 adiuvatur.
729 1248 779 1284 Ut
815 1248 984 1296 Hegelius
1021 1248 1103 1285 olim
1139 1248 1214 1295 ipsa
1251 1247 1456 1295 cogitatione
1488 1248 1606 1295 plures
1633 1247 1790 1295 planetas

271 1325 374 1363 quam
410 1317 495 1352 tunc
521 1316 621 1352 notos
659 1325 732 1352 esse
760 1326 829 1352 non
858 1326 957 1362 posse
985 1315 1052 1353 sibi
1079 1316 1303 1363 persuaserat.
1360 1314 1450 1363 Quid
1477 1326 1554 1352 cum
1581 1315 1684 1362 paulo
1712 1316 1791 1363 post

269 1395 398 1420 novum
425 1384 600 1431 planetam
628 1383 798 1420 detectum
827 1394 900 1421 esse
929 1383 1125 1431 accepisset,
1152 1394 1265 1420 nonne
1284 1393 1362 1420 eum
1389 1383 1425 1420 in
1453 1382 1596 1421 rationis
1622 1394 1688 1421 usu
1716 1393 1790 1420 sese

271 1451 455 1489 coercitum
484 1451 610 1488 sentire
637 1462 774 1488 necesse
803 1452 900 1488 erat&
949 1452 1058 1488 Immo
1093 1463 1173 1489 vero
1208 1462 1244 1488 se
1278 1451 1433 1488 adiutum
1469 1451 1506 1488 in
1542 1462 1622 1488 vero
1659 1451 1790 1499 perspi-

271 1518 390 1556 ciendo
427 1518 577 1556 videbat.
632 1519 761 1555 Eodem
798 1519 897 1555 modo
934 1519 1097 1556 revelatio
1136 1519 1252 1556 divina
1284 1519 1449 1556 rationem
1483 1519 1630 1566 propriis
1657 1519 1790 1557 viribus

269 1586 479 1633 propriaque
507 1587 666 1623 methodo
694 1586 924 1633 inquirentem
951 1598 1020 1623 non
1048 1586 1191 1634 impedit
1219 1587 1279 1623 sed
1314 1587 1454 1624 adiuvat
1479 1588 1523 1624 ad
1550 1598 1668 1624 verum
1695 1598 1790 1635 repe-

270 1653 438 1691 riendum.
494 1654 562 1691 Sed
590 1652 732 1691 forsitan
770 1653 942 1701 quispiam
970 1653 1141 1699 obiecerit,
1183 1665 1237 1692 res
1264 1654 1402 1703 legesve
1429 1654 1466 1691 in
1501 1656 1644 1692 naturae
1672 1655 1790 1692 ordine

270 1723 423 1767 repertas
460 1732 558 1757 veras
596 1732 669 1757 esse
707 1723 884 1767 certasque
922 1722 1088 1757 rationem
1124 1722 1190 1758 sibi
1226 1732 1325 1768 posse
1357 1723 1570 1768 persuadere,
1612 1733 1681 1759 non
1707 1733 1789 1759 vero

270 1799 336 1832 res,
364 1799 450 1835 quas
477 1790 601 1825 vocant
629 1788 916 1834 supernaturales.
958 1788 1098 1825 Minime
1127 1791 1180 1825 est
1208 1789 1360 1833 dubium,
1388 1790 1472 1836 quin
1491 1790 1578 1826 ratio
1597 1790 1699 1826 rebus
1717 1789 1790 1826 illis

270 1856 413 1891 naturae
442 1854 594 1898 detectis
622 1854 690 1891 nisi
718 1865 815 1891 veras
844 1865 917 1891 esse
945 1866 1145 1902 persuasum
1166 1856 1301 1901 habeat,
1328 1866 1438 1904 neque
1457 1855 1662 1904 impediatur
1679 1866 1790 1904 neque

270 1923 462 1961 adiuvetur.
518 1924 639 1971 Neque
675 1935 756 1961 vero
791 1923 892 1961 aliter
929 1935 982 1961 res
1011 1935 1046 1961 se
1075 1925 1179 1962 habet
1213 1925 1249 1961 in
1277 1926 1380 1962 rebus
1408 1925 1576 1962 revelatis.
1632 1925 1791 1963 Rationis

270 1990 361 2028 enim
390 1993 452 2038 est,
497 1991 586 2028 sitne
614 1990 731 2039 aliqua
758 2003 813 2029 res
841 1992 993 2029 revelata
1019 2002 1136 2037 necne,
1181 1992 1361 2040 inquirere.
1418 1992 1503 2030 Cum
1531 1993 1565 2030 S.
1594 1991 1790 2042 Augustino

270 2058 423 2097 dicente:
473 2059 622 2104 „Nullus
651 2059 777 2108 quippe
807 2060 915 2098 credit
942 2061 1085 2108 aliquid,
1125 2060 1193 2098 nisi
1229 2061 1326 2108 prius
1354 2062 1567 2109 cogitaverit,
1609 2074 1682 2100 esse
1719 2074 1791 2100 cre-

270 2127 449 2172 dendum,“
461 2126 488 2174 1)
518 2127 688 2165 consentit
716 2129 826 2173 „alter
852 2127 1102 2177 Augustinus,“
1131 2128 1326 2174 Anselmus,
1355 2130 1414 2177 qui
1441 2130 1608 2168 rationem
1636 2132 1671 2168 et
1697 2130 1791 2179 prin-

381 2315 402 2351 ¹)
421 2315 462 2342 De
479 2315 613 2350 praedest.
633 2324 654 2343 c.
675 2318 700 2344 2.
