<?xml version="1.0" encoding="UTF-8"?>
<!DOCTYPE html PUBLIC "-//W3C//DTD XHTML 1.0 Transitional//EN"
    "http://www.w3.org/TR/xhtml1/DTD/xhtml1-transitional.dtd">
<html xmlns="http://www.w3.org/1999/xhtml" xml:lang="en" lang="en">
 <head>
  <title>
</title>
<meta http-equiv="Content-Type" content="text/html;charset=utf-8" />
  <meta name='ocr-system' content='tesseract 3.04.00' />
  <meta name='ocr-capabilities' content='ocr_page ocr_carea ocr_par ocr_line ocrx_word'/>
</head>
<body>
  <div class='ocr_page' id='page_1' title='image "4630406_0025.png"; bbox 0 0 2063 2718; ppageno 0'>
   <div class='ocr_carea' id='block_1_1' title="bbox 0 0 1096 610">
    <p class='ocr_par' dir='ltr' id='par_1_1' title="bbox 0 0 1096 610">
     <span class='ocr_line' id='line_1_1' title="bbox 0 0 1096 610; baseline 0 0"><span class='ocrx_word' id='word_1_1' title='bbox 0 0 1096 610; x_wconf 95' lang='lat' dir='ltr'><strong>   </strong></span> 
     </span>
    </p>
   </div>
   <div class='ocr_carea' id='block_1_2' title="bbox 0 2023 235 2352">
    <p class='ocr_par' dir='ltr' id='par_1_2' title="bbox 0 2023 235 2352">
     <span class='ocr_line' id='line_1_2' title="bbox 0 2023 49 2100; baseline 0 618"><span class='ocrx_word' id='word_1_2' title='bbox 0 2023 49 2100; x_wconf 95' lang='lat' dir='ltr'><strong> </strong></span> 
     </span>
     <span class='ocr_line' id='line_1_3' title="bbox 0 2100 235 2352; baseline 0 -65"><span class='ocrx_word' id='word_1_3' title='bbox 0 2100 235 2352; x_wconf 95' lang='lat' dir='ltr'><strong>    </strong></span> 
     </span>
    </p>
   </div>
   <div class='ocr_carea' id='block_1_3' title="bbox 156 285 1763 691">
    <p class='ocr_par' dir='ltr' id='par_1_3' title="bbox 156 285 1763 490">
     <span class='ocr_line' id='line_1_4' title="bbox 156 285 1763 353; baseline -0.003 -11"><span class='ocrx_word' id='word_1_4' title='bbox 156 285 177 324; x_wconf 65' lang='grc' dir='ltr'><em>Ἴ</em></span> <span class='ocrx_word' id='word_1_5' title='bbox 220 288 351 345; x_wconf 66' lang='lat' dir='ltr'><strong>nm.</strong></span> <span class='ocrx_word' id='word_1_6' title='bbox 380 286 654 342; x_wconf 79' lang='lat' dir='ltr'><strong>WUELLNER</strong></span> <span class='ocrx_word' id='word_1_7' title='bbox 687 300 752 339; x_wconf 80' lang='lat' dir='ltr'><strong>Dr.</strong></span> <span class='ocrx_word' id='word_1_8' title='bbox 773 300 926 353; x_wconf 63' lang='lat' dir='ltr'><strong>publice</strong></span> <span class='ocrx_word' id='word_1_9' title='bbox 954 300 1000 340; x_wconf 72' lang='lat' dir='ltr'><strong>de,</strong></span> <span class='ocrx_word' id='word_1_10' title='bbox 1028 300 1203 353; x_wconf 47' lang='lat' dir='ltr'><strong>Lessing·</strong></span> <span class='ocrx_word' id='word_1_11' title='bbox 1230 300 1308 338; x_wconf 69' lang='lat' dir='ltr'><strong>vita</strong></span> <span class='ocrx_word' id='word_1_12' title='bbox 1336 306 1374 338; x_wconf 79' lang='lat' dir='ltr'><strong>et</strong></span> <span class='ocrx_word' id='word_1_13' title='bbox 1400 299 1575 351; x_wconf 82' lang='lat' dir='ltr'><strong>operibus</strong></span> <span class='ocrx_word' id='word_1_14' title='bbox 1603 299 1763 338; x_wconf 70' lang='lat' dir='ltr'><strong>disseret</strong></span> 
     </span>
     <span class='ocr_line' id='line_1_5' title="bbox 351 368 1760 421; baseline -0.001 -13"><span class='ocrx_word' id='word_1_15' title='bbox 351 371 411 409; x_wconf 88' lang='lat' dir='ltr'><strong>bis</strong></span> <span class='ocrx_word' id='word_1_16' title='bbox 439 380 507 421; x_wconf 78' lang='lat' dir='ltr'><strong>‘per</strong></span> <span class='ocrx_word' id='word_1_17' title='bbox 532 371 664 420; x_wconf 88' lang='lat' dir='ltr'><strong>hebd.;</strong></span> <span class='ocrx_word' id='word_1_18' title='bbox 705 371 959 420; x_wconf 54' lang='lat' dir='ltr'><strong>privatzkszbne</strong></span> <span class='ocrx_word' id='word_1_19' title='bbox 991 370 1277 409; x_wconf 82' lang='lat' dir='ltr'><strong>exercitationes</strong></span> <span class='ocrx_word' id='word_1_20' title='bbox 1307 369 1554 408; x_wconf 81' lang='lat' dir='ltr'><strong>Germanicas</strong></span> <span class='ocrx_word' id='word_1_21' title='bbox 1588 368 1760 407; x_wconf 81' lang='lat' dir='ltr'><strong>modera-</strong></span> 
     </span>
     <span class='ocr_line' id='line_1_6' title="bbox 350 437 768 490; baseline -0.005 -12"><span class='ocrx_word' id='word_1_22' title='bbox 350 438 453 478; x_wconf 86' lang='lat' dir='ltr'><strong>bitur</strong></span> <span class='ocrx_word' id='word_1_23' title='bbox 479 438 536 478; x_wconf 88' lang='lat' dir='ltr'><strong>bis</strong></span> <span class='ocrx_word' id='word_1_24' title='bbox 564 451 632 490; x_wconf 86' lang='lat' dir='ltr'><strong>per</strong></span> <span class='ocrx_word' id='word_1_25' title='bbox 659 437 768 478; x_wconf 88' lang='lat' dir='ltr'><strong>hebd.</strong></span> 
     </span>
    </p>

    <p class='ocr_par' dir='ltr' id='par_1_4' title="bbox 243 504 1761 555">
     <span class='ocr_line' id='line_1_7' title="bbox 243 504 1761 555; baseline -0.002 -10"><span class='ocrx_word' id='word_1_26' title='bbox 243 508 410 545; x_wconf 77' lang='lat' dir='ltr'><strong>FRANG.</strong></span> <span class='ocrx_word' id='word_1_27' title='bbox 439 508 600 545; x_wconf 87' lang='lat' dir='ltr'><strong>IOSTES</strong></span> <span class='ocrx_word' id='word_1_28' title='bbox 626 508 688 545; x_wconf 89' lang='lat' dir='ltr'><strong>Dr.</strong></span> <span class='ocrx_word' id='word_1_29' title='bbox 723 506 870 555; x_wconf 78' lang='lat' dir='ltr'><strong>publice</strong></span> <span class='ocrx_word' id='word_1_30' title='bbox 905 506 1190 543; x_wconf 82' lang='lat' dir='ltr'><strong>exercitationes</strong></span> <span class='ocrx_word' id='word_1_31' title='bbox 1220 505 1466 543; x_wconf 76' lang='lat' dir='ltr'><strong>Germanicas</strong></span> <span class='ocrx_word' id='word_1_32' title='bbox 1503 504 1761 543; x_wconf 82' lang='lat' dir='ltr'><strong>moderabitur</strong></span> 
     </span>
    </p>

    <p class='ocr_par' dir='ltr' id='par_1_5' title="bbox 326 571 1758 691">
     <span class='ocr_line' id='line_1_8' title="bbox 326 571 1758 626; baseline -0.002 -14"><span class='ocrx_word' id='word_1_33' title='bbox 326 605 330 607; x_wconf 16' lang='grc' dir='ltr'>μ</span> <span class='ocrx_word' id='word_1_34' title='bbox 350 573 410 613; x_wconf 91' lang='lat' dir='ltr'><strong>bis</strong></span> <span class='ocrx_word' id='word_1_35' title='bbox 438 587 506 626; x_wconf 89' lang='lat' dir='ltr'><strong>per</strong></span> <span class='ocrx_word' id='word_1_36' title='bbox 532 573 659 623; x_wconf 81' lang='lat' dir='ltr'><strong>hebd.3</strong></span> <span class='ocrx_word' id='word_1_37' title='bbox 689 573 867 624; x_wconf 76' lang='lat' dir='ltr'><strong>privatim</strong></span> <span class='ocrx_word' id='word_1_38' title='bbox 894 572 1099 611; x_wconf 83' lang='lat' dir='ltr'><strong>litterarum</strong></span> <span class='ocrx_word' id='word_1_39' title='bbox 1131 571 1439 611; x_wconf 85' lang='lat' dir='ltr'><strong>Germanicarum</strong></span> <span class='ocrx_word' id='word_1_40' title='bbox 1466 571 1661 626; x_wconf 67' lang='lat' dir='ltr'><strong>historiam</strong></span> <span class='ocrx_word' id='word_1_41' title='bbox 1690 584 1758 609; x_wconf 83' lang='lat' dir='ltr'><strong>an-</strong></span> 
     </span>
     <span class='ocr_line' id='line_1_9' title="bbox 350 640 1152 691; baseline -0.001 -13"><span class='ocrx_word' id='word_1_42' title='bbox 350 642 547 691; x_wconf 87' lang='lat' dir='ltr'><strong>tiquiorem</strong></span> <span class='ocrx_word' id='word_1_43' title='bbox 576 642 764 679; x_wconf 83' lang='lat' dir='ltr'><strong>enarrabit</strong></span> <span class='ocrx_word' id='word_1_44' title='bbox 790 648 922 691; x_wconf 85' lang='lat' dir='ltr'><strong>quater</strong></span> <span class='ocrx_word' id='word_1_45' title='bbox 948 654 1013 689; x_wconf 88' lang='lat' dir='ltr'><strong>per</strong></span> <span class='ocrx_word' id='word_1_46' title='bbox 1039 640 1152 678; x_wconf 89' lang='lat' dir='ltr'><strong>hebd.</strong></span> 
     </span>
    </p>
   </div>
   <div class='ocr_carea' id='block_1_4' title="bbox 242 738 1757 925">
    <p class='ocr_par' dir='ltr' id='par_1_6' title="bbox 242 738 1757 925">
     <span class='ocr_line' id='line_1_10' title="bbox 612 738 1393 778; baseline -0.003 0"><span class='ocrx_word' id='word_1_47' title='bbox 612 740 647 777; x_wconf 88' lang='lat'><strong>4.</strong></span> <span class='ocrx_word' id='word_1_48' title='bbox 695 738 957 778; x_wconf 90' lang='lat' dir='ltr'><strong>Lectorum</strong></span> <span class='ocrx_word' id='word_1_49' title='bbox 993 738 1393 777; x_wconf 87' lang='lat' dir='ltr'><strong>academicorum.</strong></span> 
     </span>
     <span class='ocr_line' id='line_1_11' title="bbox 242 805 1757 857; baseline -0.002 -11"><span class='ocrx_word' id='word_1_50' title='bbox 242 809 334 846; x_wconf 86' lang='lat' dir='ltr'><strong>IUL.</strong></span> <span class='ocrx_word' id='word_1_51' title='bbox 363 808 401 846; x_wconf 92' lang='lat' dir='ltr'><strong>O.</strong></span> <span class='ocrx_word' id='word_1_52' title='bbox 430 808 586 846; x_wconf 83' lang='lat' dir='ltr'>GRIMM</span> <span class='ocrx_word' id='word_1_53' title='bbox 614 806 677 844; x_wconf 93' lang='lat' dir='ltr'><strong>Dr.</strong></span> <span class='ocrx_word' id='word_1_54' title='bbox 720 814 758 844; x_wconf 90' lang='lat' dir='ltr'><strong>et</strong></span> <span class='ocrx_word' id='word_1_55' title='bbox 797 806 998 857; x_wconf 86' lang='lat' dir='ltr'><strong>professor,</strong></span> <span class='ocrx_word' id='word_1_56' title='bbox 1032 805 1184 856; x_wconf 77' lang='lat' dir='ltr'><strong>publice</strong></span> <span class='ocrx_word' id='word_1_57' title='bbox 1228 808 1259 843; x_wconf 89' lang='lat'><strong>1.</strong></span> <span class='ocrx_word' id='word_1_58' title='bbox 1289 806 1574 843; x_wconf 83' lang='lat' dir='ltr'><strong>exercitationes</strong></span> <span class='ocrx_word' id='word_1_59' title='bbox 1622 811 1757 843; x_wconf 83' lang='lat' dir='ltr'><strong>cantus</strong></span> 
     </span>
     <span class='ocr_line' id='line_1_12' title="bbox 350 874 1756 925; baseline -0.001 -12"><span class='ocrx_word' id='word_1_60' title='bbox 350 875 492 913; x_wconf 85' lang='lat' dir='ltr'><strong>chorici</strong></span> <span class='ocrx_word' id='word_1_61' title='bbox 518 875 687 913; x_wconf 84' lang='lat' dir='ltr'><strong>instituet</strong></span> <span class='ocrx_word' id='word_1_62' title='bbox 715 875 829 913; x_wconf 87' lang='lat' dir='ltr'><strong>semel</strong></span> <span class='ocrx_word' id='word_1_63' title='bbox 856 888 925 925; x_wconf 88' lang='lat' dir='ltr'><strong>per</strong></span> <span class='ocrx_word' id='word_1_64' title='bbox 951 874 1064 913; x_wconf 90' lang='lat' dir='ltr'><strong>hebd.</strong></span> <span class='ocrx_word' id='word_1_65' title='bbox 1074 888 1084 923; x_wconf 82' lang='lat'><em>3</em></span> <span class='ocrx_word' id='word_1_66' title='bbox 1133 875 1167 912; x_wconf 81' lang='lat'><strong>2.</strong></span> <span class='ocrx_word' id='word_1_67' title='bbox 1196 874 1480 912; x_wconf 80' lang='lat' dir='ltr'><strong>exercitationes</strong></span> <span class='ocrx_word' id='word_1_68' title='bbox 1518 874 1756 913; x_wconf 83' lang='lat' dir='ltr'><strong>harmonicas</strong></span> 
     </span>
    </p>
   </div>
   <div class='ocr_carea' id='block_1_5' title="bbox 241 941 1757 1128">
    <p class='ocr_par' dir='ltr' id='par_1_7' title="bbox 241 941 1757 1128">
     <span class='ocr_line' id='line_1_13' title="bbox 348 941 975 993; baseline -0.003 -13"><span class='ocrx_word' id='word_1_69' title='bbox 348 943 600 982; x_wconf 88' lang='lat' dir='ltr'><strong>moderabitur</strong></span> <span class='ocrx_word' id='word_1_70' title='bbox 628 943 744 980; x_wconf 89' lang='lat' dir='ltr'><strong>semel</strong></span> <span class='ocrx_word' id='word_1_71' title='bbox 770 955 838 993; x_wconf 90' lang='lat' dir='ltr'><strong>per</strong></span> <span class='ocrx_word' id='word_1_72' title='bbox 864 941 975 980; x_wconf 88' lang='lat' dir='ltr'><strong>hebd.</strong></span> 
     </span>
     <span class='ocr_line' id='line_1_14' title="bbox 241 1008 1757 1060; baseline 0 -12"><span class='ocrx_word' id='word_1_73' title='bbox 241 1012 366 1049; x_wconf 79' lang='lat' dir='ltr'><strong>FRID.</strong></span> <span class='ocrx_word' id='word_1_74' title='bbox 386 1012 591 1049; x_wconf 82' lang='lat' dir='ltr'><strong>SGHMIDT</strong></span> <span class='ocrx_word' id='word_1_75' title='bbox 613 1009 763 1059; x_wconf 79' lang='lat' dir='ltr'><strong>publice</strong></span> <span class='ocrx_word' id='word_1_76' title='bbox 794 1011 825 1046; x_wconf 93' lang='lat'><strong>1.</strong></span> <span class='ocrx_word' id='word_1_77' title='bbox 846 1009 893 1046; x_wconf 91' lang='lat' dir='ltr'><strong>de</strong></span> <span class='ocrx_word' id='word_1_78' title='bbox 917 1015 1030 1046; x_wconf 86' lang='lat' dir='ltr'><strong>cantu</strong></span> <span class='ocrx_word' id='word_1_79' title='bbox 1050 1009 1191 1046; x_wconf 86' lang='lat' dir='ltr'><strong>chorali</strong></span> <span class='ocrx_word' id='word_1_80' title='bbox 1211 1008 1445 1060; x_wconf 77' lang='lat' dir='ltr'><strong>Gregoriano</strong></span> <span class='ocrx_word' id='word_1_81' title='bbox 1465 1010 1622 1047; x_wconf 82' lang='lat' dir='ltr'><strong>disseret</strong></span> <span class='ocrx_word' id='word_1_82' title='bbox 1640 1010 1757 1048; x_wconf 89' lang='lat' dir='ltr'><strong>semel</strong></span> 
     </span>
     <span class='ocr_line' id='line_1_15' title="bbox 348 1075 1757 1128; baseline -0.001 -13"><span class='ocrx_word' id='word_1_83' title='bbox 348 1090 416 1128; x_wconf 91' lang='lat' dir='ltr'><strong>per</strong></span> <span class='ocrx_word' id='word_1_84' title='bbox 457 1077 587 1126; x_wconf 87' lang='lat' dir='ltr'><strong>hebd.;</strong></span> <span class='ocrx_word' id='word_1_85' title='bbox 636 1078 670 1114; x_wconf 85' lang='lat'><strong>2.</strong></span> <span class='ocrx_word' id='word_1_86' title='bbox 709 1075 994 1114; x_wconf 84' lang='lat' dir='ltr'><strong>exercitationes</strong></span> <span class='ocrx_word' id='word_1_87' title='bbox 1037 1082 1168 1113; x_wconf 85' lang='lat' dir='ltr'><strong>cantus</strong></span> <span class='ocrx_word' id='word_1_88' title='bbox 1209 1076 1389 1114; x_wconf 86' lang='lat' dir='ltr'><strong>ecclesiae</strong></span> <span class='ocrx_word' id='word_1_89' title='bbox 1430 1076 1599 1114; x_wconf 86' lang='lat' dir='ltr'><strong>instituet</strong></span> <span class='ocrx_word' id='word_1_90' title='bbox 1640 1076 1757 1114; x_wconf 87' lang='lat' dir='ltr'><strong>semel</strong></span> 
     </span>
    </p>
   </div>
   <div class='ocr_carea' id='block_1_6' title="bbox 349 1144 556 1195">
    <p class='ocr_par' dir='ltr' id='par_1_8' title="bbox 349 1144 556 1195">
     <span class='ocr_line' id='line_1_16' title="bbox 349 1144 556 1195; baseline 0 -13"><span class='ocrx_word' id='word_1_91' title='bbox 349 1158 418 1195; x_wconf 90' lang='lat' dir='ltr'><strong>per</strong></span> <span class='ocrx_word' id='word_1_92' title='bbox 445 1144 556 1182; x_wconf 87' lang='lat' dir='ltr'><strong>hebd.</strong></span> 
     </span>
    </p>
   </div>
   <div class='ocr_carea' id='block_1_7' title="bbox 184 1256 1756 2194">
    <p class='ocr_par' dir='ltr' id='par_1_9' title="bbox 455 1256 1539 1309">
     <span class='ocr_line' id='line_1_17' title="bbox 455 1256 1539 1309; baseline -0.001 -10"><span class='ocrx_word' id='word_1_93' title='bbox 455 1256 855 1309; x_wconf 82' lang='lat' dir='ltr'><strong>Disciplinarum</strong></span> <span class='ocrx_word' id='word_1_94' title='bbox 887 1258 1167 1308; x_wconf 83' lang='lat' dir='ltr'><strong>apparatus</strong></span> <span class='ocrx_word' id='word_1_95' title='bbox 1199 1257 1252 1298; x_wconf 87' lang='lat' dir='ltr'><strong>et</strong></span> <span class='ocrx_word' id='word_1_96' title='bbox 1285 1256 1539 1299; x_wconf 79' lang='lat' dir='ltr'><strong>instituta.</strong></span> 
     </span>
    </p>

    <p class='ocr_par' dir='ltr' id='par_1_10' title="bbox 184 1327 1756 2000">
     <span class='ocr_line' id='line_1_18' title="bbox 349 1327 1756 1380; baseline 0.001 -14"><span class='ocrx_word' id='word_1_97' title='bbox 349 1329 387 1366; x_wconf 91' lang='lat' dir='ltr'><em>B</em></span> <span class='ocrx_word' id='word_1_98' title='bbox 396 1328 414 1366; x_wconf 78' lang='grc' dir='ltr'><strong><em>ί</em></strong></span> <span class='ocrx_word' id='word_1_99' title='bbox 422 1329 442 1366; x_wconf 79' lang='lat' dir='ltr'><em>h</em></span> <span class='ocrx_word' id='word_1_100' title='bbox 453 1328 521 1366; x_wconf 76' lang='lat' dir='ltr'><strong>lio</strong></span> <span class='ocrx_word' id='word_1_101' title='bbox 531 1327 574 1365; x_wconf 77' lang='lat' dir='ltr'><strong>th</strong></span> <span class='ocrx_word' id='word_1_102' title='bbox 584 1342 602 1366; x_wconf 85' lang='lat' dir='ltr'><strong>e</strong></span> <span class='ocrx_word' id='word_1_103' title='bbox 610 1342 629 1365; x_wconf 81' lang='lat' dir='ltr'><strong>c</strong></span> <span class='ocrx_word' id='word_1_104' title='bbox 640 1342 664 1365; x_wconf 85' lang='lat' dir='ltr'><strong>a</strong></span> <span class='ocrx_word' id='word_1_105' title='bbox 704 1328 771 1366; x_wconf 85' lang='lat' dir='ltr'><strong>Pa</strong></span> <span class='ocrx_word' id='word_1_106' title='bbox 780 1342 805 1366; x_wconf 83' lang='lat' dir='ltr'><strong>u</strong></span> <span class='ocrx_word' id='word_1_107' title='bbox 814 1328 827 1365; x_wconf 85' lang='lat' dir='ltr'><em>l</em></span> <span class='ocrx_word' id='word_1_108' title='bbox 835 1328 853 1365; x_wconf 85' lang='lat' dir='ltr'><strong>i</strong></span> <span class='ocrx_word' id='word_1_109' title='bbox 859 1342 884 1365; x_wconf 78' lang='grc' dir='ltr'><em>η</em></span> <span class='ocrx_word' id='word_1_110' title='bbox 895 1342 919 1365; x_wconf 87' lang='grc' dir='ltr'><em>α</em></span> <span class='ocrx_word' id='word_1_111' title='bbox 956 1334 1052 1365; x_wconf 90' lang='lat' dir='ltr'><strong>stato</strong></span> <span class='ocrx_word' id='word_1_112' title='bbox 1090 1334 1256 1378; x_wconf 88' lang='lat' dir='ltr'><strong>tempore</strong></span> <span class='ocrx_word' id='word_1_113' title='bbox 1293 1328 1438 1379; x_wconf 84' lang='lat' dir='ltr'><strong>patebit</strong></span> <span class='ocrx_word' id='word_1_114' title='bbox 1479 1329 1635 1379; x_wconf 88' lang='lat' dir='ltr'><strong>eiusque</strong></span> <span class='ocrx_word' id='word_1_115' title='bbox 1662 1341 1756 1380; x_wconf 77' lang='lat' dir='ltr'><strong>opes</strong></span> 
     </span>
     <span class='ocr_line' id='line_1_19' title="bbox 239 1391 1755 1443; baseline 0 -14"><span class='ocrx_word' id='word_1_116' title='bbox 239 1391 448 1429; x_wconf 85' lang='lat' dir='ltr'><strong>litterarum</strong></span> <span class='ocrx_word' id='word_1_117' title='bbox 489 1391 701 1429; x_wconf 85' lang='lat' dir='ltr'><strong>amantibus</strong></span> <span class='ocrx_word' id='word_1_118' title='bbox 741 1404 789 1429; x_wconf 90' lang='lat' dir='ltr'><strong>ex</strong></span> <span class='ocrx_word' id='word_1_119' title='bbox 840 1391 966 1442; x_wconf 87' lang='lat' dir='ltr'><strong>legum</strong></span> <span class='ocrx_word' id='word_1_120' title='bbox 1014 1391 1245 1442; x_wconf 87' lang='lat' dir='ltr'><strong>praescripto</strong></span> <span class='ocrx_word' id='word_1_121' title='bbox 1286 1391 1560 1429; x_wconf 87' lang='lat' dir='ltr'><strong>officiosissime</strong></span> <span class='ocrx_word' id='word_1_122' title='bbox 1602 1391 1755 1443; x_wconf 87' lang='lat' dir='ltr'><strong>dispen-</strong></span> 
     </span>
     <span class='ocr_line' id='line_1_20' title="bbox 242 1453 1755 1505; baseline 0 -13"><span class='ocrx_word' id='word_1_123' title='bbox 242 1455 435 1493; x_wconf 86' lang='lat' dir='ltr'><strong>sabuntur.</strong></span> <span class='ocrx_word' id='word_1_124' title='bbox 499 1456 569 1492; x_wconf 78' lang='lat' dir='ltr'><strong>An</strong></span> <span class='ocrx_word' id='word_1_125' title='bbox 579 1468 665 1504; x_wconf 72' lang='lat' dir='ltr'><strong>ayn</strong></span> <span class='ocrx_word' id='word_1_126' title='bbox 676 1469 697 1492; x_wconf 90' lang='lat'><em>0</em></span> <span class='ocrx_word' id='word_1_127' title='bbox 708 1454 907 1492; x_wconf 77' lang='lat' dir='ltr'><strong>sterium</strong></span> <span class='ocrx_word' id='word_1_128' title='bbox 944 1468 996 1491; x_wconf 79' lang='lat' dir='ltr'><strong>ac</strong></span> <span class='ocrx_word' id='word_1_129' title='bbox 1006 1453 1260 1491; x_wconf 79' lang='lat' dir='ltr'><strong>ademicum</strong></span> <span class='ocrx_word' id='word_1_130' title='bbox 1295 1453 1576 1505; x_wconf 87' lang='lat' dir='ltr'><strong>ephemeridum</strong></span> <span class='ocrx_word' id='word_1_131' title='bbox 1612 1454 1755 1492; x_wconf 79' lang='lat' dir='ltr'><strong>littera-</strong></span> 
     </span>
     <span class='ocr_line' id='line_1_21' title="bbox 241 1516 1755 1570; baseline 0 -14"><span class='ocrx_word' id='word_1_132' title='bbox 241 1524 361 1557; x_wconf 85' lang='lat' dir='ltr'><strong>tarum</strong></span> <span class='ocrx_word' id='word_1_133' title='bbox 383 1518 730 1570; x_wconf 86' lang='lat' dir='ltr'><strong>cognoscendarum</strong></span> <span class='ocrx_word' id='word_1_134' title='bbox 754 1517 1070 1568; x_wconf 83' lang='lat' dir='ltr'><strong>opportunitatem</strong></span> <span class='ocrx_word' id='word_1_135' title='bbox 1096 1516 1321 1555; x_wconf 86' lang='lat' dir='ltr'><strong>intrantibus</strong></span> <span class='ocrx_word' id='word_1_136' title='bbox 1344 1517 1551 1568; x_wconf 87' lang='lat' dir='ltr'><strong>praebebit.</strong></span> <span class='ocrx_word' id='word_1_137' title='bbox 1597 1517 1634 1555; x_wconf 89' lang='lat' dir='ltr'><strong><em>A</em></strong></span> <span class='ocrx_word' id='word_1_138' title='bbox 1633 1531 1668 1568; x_wconf 77' lang='lat' dir='ltr'><strong>p</strong></span> <span class='ocrx_word' id='word_1_139' title='bbox 1668 1531 1702 1568; x_wconf 81' lang='lat' dir='ltr'><strong>p</strong></span> <span class='ocrx_word' id='word_1_140' title='bbox 1710 1532 1755 1556; x_wconf 88' lang='lat' dir='ltr'><strong>a·</strong></span> 
     </span>
     <span class='ocr_line' id='line_1_22' title="bbox 239 1580 1754 1631; baseline -0.001 -12"><span class='ocrx_word' id='word_1_141' title='bbox 239 1587 341 1619; x_wconf 81' lang='lat' dir='ltr'><strong>ratu</strong></span> <span class='ocrx_word' id='word_1_142' title='bbox 353 1596 371 1619; x_wconf 80' lang='lat' dir='ltr'><strong>s</strong></span> <span class='ocrx_word' id='word_1_143' title='bbox 398 1580 757 1619; x_wconf 75' lang='lat' dir='ltr'><strong>mathematicus</strong></span> <span class='ocrx_word' id='word_1_144' title='bbox 788 1587 829 1617; x_wconf 77' lang='lat' dir='ltr'><strong>et</strong></span> <span class='ocrx_word' id='word_1_145' title='bbox 858 1586 1026 1618; x_wconf 78' lang='lat' dir='ltr'><strong>astron</strong></span> <span class='ocrx_word' id='word_1_146' title='bbox 1038 1581 1234 1622; x_wconf 76' lang='lat' dir='ltr'><strong>omicas,</strong></span> <span class='ocrx_word' id='word_1_147' title='bbox 1264 1580 1341 1618; x_wconf 83' lang='lat' dir='ltr'><strong>lab</strong></span> <span class='ocrx_word' id='word_1_148' title='bbox 1353 1580 1619 1618; x_wconf 78' lang='lat' dir='ltr'><strong>oratorium</strong></span> <span class='ocrx_word' id='word_1_149' title='bbox 1640 1580 1754 1631; x_wconf 77' lang='lat' dir='ltr'><strong>phy-</strong></span> 
     </span>
     <span class='ocr_line' id='line_1_23' title="bbox 237 1642 1752 1687; baseline 0 -5"><span class='ocrx_word' id='word_1_150' title='bbox 237 1642 404 1687; x_wconf 75' lang='lat' dir='ltr'><strong>sicum,</strong></span> <span class='ocrx_word' id='word_1_151' title='bbox 425 1644 786 1682; x_wconf 78' lang='lat' dir='ltr'><strong>laboratorium</strong></span> <span class='ocrx_word' id='word_1_152' title='bbox 805 1643 1065 1685; x_wconf 73' lang='lat' dir='ltr'><strong>chemicum,</strong></span> <span class='ocrx_word' id='word_1_153' title='bbox 1086 1643 1159 1681; x_wconf 82' lang='lat' dir='ltr'><strong>lab</strong></span> <span class='ocrx_word' id='word_1_154' title='bbox 1172 1644 1441 1682; x_wconf 75' lang='lat' dir='ltr'><strong>oratorium</strong></span> <span class='ocrx_word' id='word_1_155' title='bbox 1461 1644 1752 1687; x_wconf 77' lang='lat' dir='ltr'><strong>botanicum,</strong></span> 
     </span>
     <span class='ocr_line' id='line_1_24' title="bbox 237 1706 1753 1757; baseline 0 -12"><span class='ocrx_word' id='word_1_156' title='bbox 237 1720 440 1745; x_wconf 81' lang='lat' dir='ltr'><strong>museum</strong></span> <span class='ocrx_word' id='word_1_157' title='bbox 475 1707 865 1757; x_wconf 69' lang='lat' dir='ltr'><strong>mz‘neraloyicum</strong></span> <span class='ocrx_word' id='word_1_158' title='bbox 894 1713 936 1744; x_wconf 77' lang='lat' dir='ltr'><strong>et</strong></span> <span class='ocrx_word' id='word_1_159' title='bbox 971 1721 1022 1744; x_wconf 81' lang='lat' dir='ltr'><strong>zo</strong></span> <span class='ocrx_word' id='word_1_160' title='bbox 1035 1721 1056 1744; x_wconf 94' lang='lat'><em>0</em></span> <span class='ocrx_word' id='word_1_161' title='bbox 1069 1706 1285 1757; x_wconf 71' lang='lat' dir='ltr'><strong>Zoyz&#39;cum,</strong></span> <span class='ocrx_word' id='word_1_162' title='bbox 1321 1706 1547 1745; x_wconf 76' lang='lat' dir='ltr'><strong>collectio</strong></span> <span class='ocrx_word' id='word_1_163' title='bbox 1586 1713 1753 1745; x_wconf 80' lang='lat' dir='ltr'><strong>anato-</strong></span> 
     </span>
     <span class='ocr_line' id='line_1_25' title="bbox 237 1757 1752 1819; baseline 0.001 -13"><span class='ocrx_word' id='word_1_164' title='bbox 237 1770 376 1811; x_wconf 80' lang='lat' dir='ltr'><strong>mica,</strong></span> <span class='ocrx_word' id='word_1_165' title='bbox 410 1783 612 1806; x_wconf 81' lang='lat' dir='ltr'><strong>museum</strong></span> <span class='ocrx_word' id='word_1_166' title='bbox 650 1769 1060 1819; x_wconf 75' lang='lat' dir='ltr'><strong>archaeoloyicum</strong></span> <span class='ocrx_word' id='word_1_167' title='bbox 1099 1776 1141 1807; x_wconf 80' lang='lat' dir='ltr'><strong>et</strong></span> <span class='ocrx_word' id='word_1_168' title='bbox 1178 1776 1449 1819; x_wconf 76' lang='lat' dir='ltr'><strong>appa-ratus</strong></span> <span class='ocrx_word' id='word_1_169' title='bbox 1487 1757 1752 1808; x_wconf 67' lang='lat' dir='ltr'><strong>urchaeolo-</strong></span> 
     </span>
     <span class='ocr_line' id='line_1_26' title="bbox 235 1832 1752 1883; baseline 0.001 -14"><span class='ocrx_word' id='word_1_170' title='bbox 235 1832 382 1883; x_wconf 73' lang='lat' dir='ltr'><strong>yicus,</strong></span> <span class='ocrx_word' id='word_1_171' title='bbox 412 1845 507 1882; x_wconf 76' lang='lat' dir='ltr'><strong>app</strong></span> <span class='ocrx_word' id='word_1_172' title='bbox 519 1838 691 1870; x_wconf 79' lang='lat' dir='ltr'><strong>aratus</strong></span> <span class='ocrx_word' id='word_1_173' title='bbox 715 1832 1101 1883; x_wconf 68' lang='lat' dir='ltr'><strong>qeoyrapkz&#39;cus&#39;,</strong></span> <span class='ocrx_word' id='word_1_174' title='bbox 1129 1832 1292 1870; x_wconf 76' lang='lat' dir='ltr'><strong>hortus</strong></span> <span class='ocrx_word' id='word_1_175' title='bbox 1313 1832 1475 1883; x_wconf 84' lang='lat' dir='ltr'><strong>denique</strong></span> <span class='ocrx_word' id='word_1_176' title='bbox 1491 1833 1512 1870; x_wconf 83' lang='lat' dir='ltr'><strong>b</strong></span> <span class='ocrx_word' id='word_1_177' title='bbox 1524 1847 1544 1871; x_wconf 92' lang='grc' dir='ltr'><em>ο</em></span> <span class='ocrx_word' id='word_1_178' title='bbox 1556 1833 1752 1871; x_wconf 78' lang='lat' dir='ltr'><strong>tanicus</strong></span> 
     </span>
     <span class='ocr_line' id='line_1_27' title="bbox 184 1895 1751 1947; baseline 0.001 -15"><span class='ocrx_word' id='word_1_179' title='bbox 184 1926 186 1928; x_wconf 63' lang='grc'>,</span> <span class='ocrx_word' id='word_1_180' title='bbox 238 1895 415 1932; x_wconf 87' lang='lat' dir='ltr'><strong>studiosis</strong></span> <span class='ocrx_word' id='word_1_181' title='bbox 439 1901 476 1932; x_wconf 90' lang='lat' dir='ltr'><strong>et</strong></span> <span class='ocrx_word' id='word_1_182' title='bbox 504 1895 660 1933; x_wconf 86' lang='lat' dir='ltr'><strong>curiosis</strong></span> <span class='ocrx_word' id='word_1_183' title='bbox 683 1896 856 1934; x_wconf 88' lang='lat' dir='ltr'><strong>lubenter</strong></span> <span class='ocrx_word' id='word_1_184' title='bbox 884 1895 1107 1947; x_wconf 83' lang='lat' dir='ltr'><strong>aperientur,</strong></span> <span class='ocrx_word' id='word_1_185' title='bbox 1136 1897 1200 1946; x_wconf 92' lang='lat' dir='ltr'><strong>qui</strong></span> <span class='ocrx_word' id='word_1_186' title='bbox 1219 1896 1371 1946; x_wconf 86' lang='lat' dir='ltr'><strong>quidem</strong></span> <span class='ocrx_word' id='word_1_187' title='bbox 1399 1909 1463 1934; x_wconf 88' lang='lat' dir='ltr'><strong>eos</strong></span> <span class='ocrx_word' id='word_1_188' title='bbox 1487 1896 1590 1934; x_wconf 83' lang='lat' dir='ltr'><strong>viros</strong></span> <span class='ocrx_word' id='word_1_189' title='bbox 1613 1896 1751 1946; x_wconf 85' lang='lat' dir='ltr'><strong>quibus</strong></span> 
     </span>
     <span class='ocr_line' id='line_1_28' title="bbox 238 1959 1263 2000; baseline 0.001 -4"><span class='ocrx_word' id='word_1_190' title='bbox 238 1972 367 1997; x_wconf 88' lang='lat' dir='ltr'><strong>earum</strong></span> <span class='ocrx_word' id='word_1_191' title='bbox 395 1970 518 2000; x_wconf 78' lang='lat' dir='ltr'><strong>rerum</strong></span> <span class='ocrx_word' id='word_1_192' title='bbox 546 1959 771 1997; x_wconf 80' lang='lat' dir='ltr'><strong>demandata</strong></span> <span class='ocrx_word' id='word_1_193' title='bbox 798 1965 855 1997; x_wconf 90' lang='lat' dir='ltr'><strong>est</strong></span> <span class='ocrx_word' id='word_1_194' title='bbox 883 1972 973 1997; x_wconf 87' lang='lat' dir='ltr'><strong>cura</strong></span> <span class='ocrx_word' id='word_1_195' title='bbox 996 1959 1066 1997; x_wconf 82' lang='lat' dir='ltr'><strong>rite</strong></span> <span class='ocrx_word' id='word_1_196' title='bbox 1094 1959 1263 1997; x_wconf 87' lang='lat' dir='ltr'><strong>adierint.</strong></span> 
     </span>
    </p>

    <p class='ocr_par' dir='ltr' id='par_1_11' title="bbox 236 2021 1751 2194">
     <span class='ocr_line' id='line_1_29' title="bbox 345 2021 1751 2074; baseline 0.002 -15"><span class='ocrx_word' id='word_1_197' title='bbox 345 2021 403 2060; x_wconf 91' lang='lat' dir='ltr'><strong>De</strong></span> <span class='ocrx_word' id='word_1_198' title='bbox 432 2021 629 2060; x_wconf 86' lang='lat' dir='ltr'><strong>seminario</strong></span> <span class='ocrx_word' id='word_1_199' title='bbox 656 2022 888 2073; x_wconf 82' lang='lat' dir='ltr'><strong>philologico</strong></span> <span class='ocrx_word' id='word_1_200' title='bbox 917 2023 987 2060; x_wconf 89' lang='lat' dir='ltr'><strong>sub</strong></span> <span class='ocrx_word' id='word_1_201' title='bbox 1016 2023 1229 2061; x_wconf 88' lang='lat' dir='ltr'><strong>nominibus</strong></span> <span class='ocrx_word' id='word_1_202' title='bbox 1263 2023 1421 2074; x_wconf 86' lang='lat' dir='ltr'><strong>profess.</strong></span> <span class='ocrx_word' id='word_1_203' title='bbox 1450 2023 1530 2061; x_wconf 87' lang='lat' dir='ltr'><strong>ord.</strong></span> <span class='ocrx_word' id='word_1_204' title='bbox 1556 2022 1751 2062; x_wconf 74' lang='lat' dir='ltr'><strong>LANGEN</strong></span> 
     </span>
     <span class='ocr_line' id='line_1_30' title="bbox 238 2085 1751 2137; baseline 0 -13"><span class='ocrx_word' id='word_1_205' title='bbox 238 2092 276 2124; x_wconf 87' lang='lat' dir='ltr'><strong>et</strong></span> <span class='ocrx_word' id='word_1_206' title='bbox 302 2086 456 2124; x_wconf 82' lang='lat' dir='ltr'><strong>STAHL</strong></span> <span class='ocrx_word' id='word_1_207' title='bbox 484 2085 625 2123; x_wconf 87' lang='lat' dir='ltr'><strong>dictum</strong></span> <span class='ocrx_word' id='word_1_208' title='bbox 653 2092 719 2132; x_wconf 84' lang='lat' dir='ltr'><strong>est,</strong></span> <span class='ocrx_word' id='word_1_209' title='bbox 748 2086 795 2123; x_wconf 90' lang='lat' dir='ltr'><strong>de</strong></span> <span class='ocrx_word' id='word_1_210' title='bbox 823 2086 1022 2124; x_wconf 84' lang='lat' dir='ltr'><strong>seminario</strong></span> <span class='ocrx_word' id='word_1_211' title='bbox 1049 2086 1228 2124; x_wconf 88' lang='lat' dir='ltr'><strong>historico</strong></span> <span class='ocrx_word' id='word_1_212' title='bbox 1257 2086 1327 2124; x_wconf 90' lang='lat' dir='ltr'><strong>sub</strong></span> <span class='ocrx_word' id='word_1_213' title='bbox 1349 2086 1565 2124; x_wconf 87' lang='lat' dir='ltr'><strong>nominibus</strong></span> <span class='ocrx_word' id='word_1_214' title='bbox 1592 2087 1751 2137; x_wconf 85' lang='lat' dir='ltr'><strong>profess.</strong></span> 
     </span>
     <span class='ocr_line' id='line_1_31' title="bbox 236 2148 1750 2194; baseline 0 -8"><span class='ocrx_word' id='word_1_215' title='bbox 236 2148 316 2186; x_wconf 91' lang='lat' dir='ltr'><strong>ord.</strong></span> <span class='ocrx_word' id='word_1_216' title='bbox 343 2149 558 2186; x_wconf 77' lang='lat' dir='ltr'>LINDNER</span> <span class='ocrx_word' id='word_1_217' title='bbox 585 2155 622 2185; x_wconf 93' lang='lat' dir='ltr'><strong>et</strong></span> <span class='ocrx_word' id='word_1_218' title='bbox 648 2149 869 2194; x_wconf 83' lang='lat' dir='ltr'>NIEHUES,</span> <span class='ocrx_word' id='word_1_219' title='bbox 898 2149 944 2185; x_wconf 89' lang='lat' dir='ltr'><strong>de</strong></span> <span class='ocrx_word' id='word_1_220' title='bbox 973 2149 1170 2186; x_wconf 85' lang='lat' dir='ltr'><strong>seminario</strong></span> <span class='ocrx_word' id='word_1_221' title='bbox 1198 2149 1461 2187; x_wconf 85' lang='lat' dir='ltr'><strong>mathematico</strong></span> <span class='ocrx_word' id='word_1_222' title='bbox 1490 2149 1560 2187; x_wconf 87' lang='lat' dir='ltr'><strong>sub</strong></span> <span class='ocrx_word' id='word_1_223' title='bbox 1588 2149 1750 2186; x_wconf 83' lang='lat' dir='ltr'><strong>nomini-</strong></span> 
     </span>
    </p>
   </div>
   <div class='ocr_carea' id='block_1_8' title="bbox 175 2211 1751 2262">
    <p class='ocr_par' dir='ltr' id='par_1_12' title="bbox 175 2211 1751 2262">
     <span class='ocr_line' id='line_1_32' title="bbox 175 2211 1751 2262; baseline 0.001 -12"><span class='ocrx_word' id='word_1_224' title='bbox 175 2256 181 2260; x_wconf 40' lang='lat'><em>,</em></span> <span class='ocrx_word' id='word_1_225' title='bbox 236 2211 308 2250; x_wconf 77' lang='lat' dir='ltr'><strong>bus</strong></span> <span class='ocrx_word' id='word_1_226' title='bbox 335 2211 491 2262; x_wconf 87' lang='lat' dir='ltr'><strong>profess.</strong></span> <span class='ocrx_word' id='word_1_227' title='bbox 529 2211 608 2249; x_wconf 89' lang='lat' dir='ltr'><strong>ord.</strong></span> <span class='ocrx_word' id='word_1_228' title='bbox 642 2211 903 2251; x_wconf 82' lang='lat' dir='ltr'><strong>BAGHMANN</strong></span> <span class='ocrx_word' id='word_1_229' title='bbox 939 2218 976 2249; x_wconf 91' lang='lat' dir='ltr'><strong>et</strong></span> <span class='ocrx_word' id='word_1_230' title='bbox 1003 2213 1180 2258; x_wconf 73' lang='lat' dir='ltr'>STURM,</span> <span class='ocrx_word' id='word_1_231' title='bbox 1218 2212 1265 2250; x_wconf 85' lang='lat' dir='ltr'><strong>de</strong></span> <span class='ocrx_word' id='word_1_232' title='bbox 1302 2212 1500 2250; x_wconf 83' lang='lat' dir='ltr'><strong>seminario</strong></span> <span class='ocrx_word' id='word_1_233' title='bbox 1537 2213 1751 2251; x_wconf 80' lang='lat' dir='ltr'><strong>romanensi</strong></span> 
     </span>
    </p>
   </div>
   <div class='ocr_carea' id='block_1_9' title="bbox 235 2274 1336 2326">
    <p class='ocr_par' dir='ltr' id='par_1_13' title="bbox 235 2274 1336 2326">
     <span class='ocr_line' id='line_1_33' title="bbox 235 2274 1336 2326; baseline 0 -13"><span class='ocrx_word' id='word_1_234' title='bbox 235 2281 274 2313; x_wconf 85' lang='lat' dir='ltr'><strong>et</strong></span> <span class='ocrx_word' id='word_1_235' title='bbox 300 2275 449 2326; x_wconf 84' lang='lat' dir='ltr'><strong>anglico</strong></span> <span class='ocrx_word' id='word_1_236' title='bbox 478 2277 546 2314; x_wconf 83' lang='lat' dir='ltr'><strong>sub</strong></span> <span class='ocrx_word' id='word_1_237' title='bbox 574 2274 724 2313; x_wconf 89' lang='lat' dir='ltr'><strong>nomine</strong></span> <span class='ocrx_word' id='word_1_238' title='bbox 750 2274 907 2326; x_wconf 80' lang='lat' dir='ltr'><strong>profess,</strong></span> <span class='ocrx_word' id='word_1_239' title='bbox 937 2274 1054 2312; x_wconf 87' lang='lat' dir='ltr'><strong>ordin.</strong></span> <span class='ocrx_word' id='word_1_240' title='bbox 1083 2276 1336 2313; x_wconf 77' lang='lat' dir='ltr'><strong>KOERTING.</strong></span> 
     </span>
    </p>
   </div>
   <div class='ocr_carea' id='block_1_10' title="bbox 778 2357 894 2361">
    <p class='ocr_par' dir='ltr' id='par_1_14' title="bbox 778 2357 894 2361">
     <span class='ocr_line' id='line_1_34' title="bbox 778 2357 894 2361; baseline 0 0"><span class='ocrx_word' id='word_1_241' title='bbox 778 2357 894 2361; x_wconf 95' lang='lat' dir='ltr'><strong> </strong></span> 
     </span>
    </p>
   </div>
   <div class='ocr_carea' id='block_1_11' title="bbox 936 2356 1207 2362">
    <p class='ocr_par' dir='ltr' id='par_1_15' title="bbox 936 2356 1207 2362">
     <span class='ocr_line' id='line_1_35' title="bbox 936 2356 1207 2362; baseline 0 0"><span class='ocrx_word' id='word_1_242' title='bbox 936 2356 1207 2362; x_wconf 95' lang='lat' dir='ltr'><strong> </strong></span> 
     </span>
    </p>
   </div>
   <div class='ocr_carea' id='block_1_12' title="bbox 1529 2374 1569 2402">
    <p class='ocr_par' dir='ltr' id='par_1_16' title="bbox 1529 2374 1569 2402">
     <span class='ocr_line' id='line_1_36' title="bbox 1529 2374 1569 2402; baseline 0 -10"><span class='ocrx_word' id='word_1_243' title='bbox 1529 2374 1569 2402; x_wconf 57' lang='grc'><strong>8*</strong></span> 
     </span>
    </p>
   </div>
   <div class='ocr_carea' id='block_1_13' title="bbox 1379 0 2063 232">
    <p class='ocr_par' dir='ltr' id='par_1_17' title="bbox 1379 0 2063 232">
     <span class='ocr_line' id='line_1_37' title="bbox 1379 0 2063 232; baseline 0 2486"><span class='ocrx_word' id='word_1_244' title='bbox 1379 0 2063 232; x_wconf 95' lang='lat' dir='ltr'><strong> </strong></span> 
     </span>
    </p>
   </div>
  </div>
 </body>
</html>
