<?xml version="1.0" encoding="UTF-8"?>
<!DOCTYPE html PUBLIC "-//W3C//DTD XHTML 1.0 Transitional//EN"
    "http://www.w3.org/TR/xhtml1/DTD/xhtml1-transitional.dtd">
<html xmlns="http://www.w3.org/1999/xhtml" xml:lang="en" lang="en">
 <head>
  <title>
</title>
<meta http-equiv="Content-Type" content="text/html;charset=utf-8" />
  <meta name='ocr-system' content='tesseract 3.04.00' />
  <meta name='ocr-capabilities' content='ocr_page ocr_carea ocr_par ocr_line ocrx_word'/>
</head>
<body>
  <div class='ocr_page' id='page_1' title='image "4630406_0011.png"; bbox 0 0 2063 2718; ppageno 0'>
   <div class='ocr_carea' id='block_1_1' title="bbox 0 0 487 209">
    <p class='ocr_par' dir='ltr' id='par_1_1' title="bbox 0 0 487 209">
     <span class='ocr_line' id='line_1_1' title="bbox 0 0 487 209; baseline 0 2509"><span class='ocrx_word' id='word_1_1' title='bbox 0 0 487 209; x_wconf 95' lang='lat' dir='ltr'><strong> </strong></span> 
     </span>
    </p>
   </div>
   <div class='ocr_carea' id='block_1_2' title="bbox 1060 0 1075 91">
    <p class='ocr_par' dir='ltr' id='par_1_2' title="bbox 1060 0 1075 91">
     <span class='ocr_line' id='line_1_2' title="bbox 1060 0 1075 91; textangle 90"><span class='ocrx_word' id='word_1_2' title='bbox 1060 0 1075 91; x_wconf 34' lang='grc' dir='ltr'><strong>«κάν-γ</strong></span> 
     </span>
    </p>
   </div>
   <div class='ocr_carea' id='block_1_3' title="bbox 1773 125 1796 163">
    <p class='ocr_par' dir='ltr' id='par_1_3' title="bbox 1773 125 1796 163">
     <span class='ocr_line' id='line_1_3' title="bbox 1773 125 1796 163; baseline 0 0"><span class='ocrx_word' id='word_1_3' title='bbox 1773 125 1796 163; x_wconf 76' lang='lat'>5</span> 
     </span>
    </p>
   </div>
   <div class='ocr_carea' id='block_1_4' title="bbox 219 232 1797 284">
    <p class='ocr_par' dir='ltr' id='par_1_4' title="bbox 219 232 1797 284">
     <span class='ocr_line' id='line_1_4' title="bbox 219 232 1797 284; baseline -0.001 -11"><span class='ocrx_word' id='word_1_4' title='bbox 219 232 223 236; x_wconf 79' lang='grc'><strong>”</strong></span> <span class='ocrx_word' id='word_1_5' title='bbox 280 234 391 283; x_wconf 83' lang='lat' dir='ltr'><strong>priam</strong></span> <span class='ocrx_word' id='word_1_6' title='bbox 417 234 624 284; x_wconf 87' lang='lat' dir='ltr'><strong>cognitionis</strong></span> <span class='ocrx_word' id='word_1_7' title='bbox 650 235 860 283; x_wconf 86' lang='lat' dir='ltr'><strong>provinciam</strong></span> <span class='ocrx_word' id='word_1_8' title='bbox 885 247 956 274; x_wconf 89' lang='lat' dir='ltr'><strong>non</strong></span> <span class='ocrx_word' id='word_1_9' title='bbox 983 235 1192 281; x_wconf 77' lang='lat' dir='ltr'><strong>attribuisse,</strong></span> <span class='ocrx_word' id='word_1_10' title='bbox 1230 236 1290 273; x_wconf 86' lang='lat' dir='ltr'><strong>sed</strong></span> <span class='ocrx_word' id='word_1_11' title='bbox 1326 246 1401 273; x_wconf 83' lang='lat' dir='ltr'><strong>eam</strong></span> <span class='ocrx_word' id='word_1_12' title='bbox 1428 234 1565 273; x_wconf 90' lang='lat' dir='ltr'><strong>omnino</strong></span> <span class='ocrx_word' id='word_1_13' title='bbox 1601 234 1797 272; x_wconf 73' lang='lat' dir='ltr'>subdidisse</span> 
     </span>
    </p>
   </div>
   <div class='ocr_carea' id='block_1_5' title="bbox 0 209 280 306">
    <p class='ocr_par' dir='ltr' id='par_1_5' title="bbox 0 209 280 306">
     <span class='ocr_line' id='line_1_5' title="bbox 0 209 280 306; baseline 0 2412"><span class='ocrx_word' id='word_1_14' title='bbox 0 209 280 306; x_wconf 95' lang='lat' dir='ltr'><strong> </strong></span> 
     </span>
    </p>
   </div>
   <div class='ocr_carea' id='block_1_6' title="bbox 253 299 1798 352">
    <p class='ocr_par' dir='ltr' id='par_1_6' title="bbox 253 299 1798 352">
     <span class='ocr_line' id='line_1_6' title="bbox 253 299 1798 352; baseline -0.001 -12"><span class='ocrx_word' id='word_1_15' title='bbox 253 306 255 308; x_wconf 83' lang='lat'>&#39;</span> <span class='ocrx_word' id='word_1_16' title='bbox 281 302 362 340; x_wconf 87' lang='lat' dir='ltr'><strong>fidei</strong></span> <span class='ocrx_word' id='word_1_17' title='bbox 388 302 593 341; x_wconf 82' lang='lat' dir='ltr'><strong>auctoritati.</strong></span> <span class='ocrx_word' id='word_1_18' title='bbox 604 301 632 349; x_wconf 90' lang='lat'><strong>¹)</strong></span> <span class='ocrx_word' id='word_1_19' title='bbox 687 303 756 340; x_wconf 84' lang='lat' dir='ltr'><strong>Sed</strong></span> <span class='ocrx_word' id='word_1_20' title='bbox 790 303 880 341; x_wconf 80' lang='lat' dir='ltr'>nihil</span> <span class='ocrx_word' id='word_1_21' title='bbox 915 303 1027 352; x_wconf 83' lang='lat' dir='ltr'><strong>magis</strong></span> <span class='ocrx_word' id='word_1_22' title='bbox 1061 302 1212 341; x_wconf 86' lang='lat' dir='ltr'><strong>alienum</strong></span> <span class='ocrx_word' id='word_1_23' title='bbox 1247 315 1268 341; x_wconf 89' lang='lat' dir='ltr'><strong>a</strong></span> <span class='ocrx_word' id='word_1_24' title='bbox 1299 314 1390 341; x_wconf 86' lang='lat' dir='ltr'><strong>vero.</strong></span> <span class='ocrx_word' id='word_1_25' title='bbox 1445 303 1481 341; x_wconf 87' lang='lat' dir='ltr'><strong>S.</strong></span> <span class='ocrx_word' id='word_1_26' title='bbox 1507 301 1671 341; x_wconf 85' lang='lat' dir='ltr'><strong>Anselmo</strong></span> <span class='ocrx_word' id='word_1_27' title='bbox 1707 299 1798 343; x_wconf 84' lang='lat' dir='ltr'><strong>sicut</strong></span> 
     </span>
    </p>
   </div>
   <div class='ocr_carea' id='block_1_7' title="bbox 282 365 1864 421">
    <p class='ocr_par' dir='ltr' id='par_1_7' title="bbox 282 365 1864 421">
     <span class='ocr_line' id='line_1_7' title="bbox 282 365 1864 421; baseline -0.001 -14"><span class='ocrx_word' id='word_1_28' title='bbox 282 370 404 408; x_wconf 89' lang='lat' dir='ltr'><strong>ceteris</strong></span> <span class='ocrx_word' id='word_1_29' title='bbox 430 370 533 408; x_wconf 88' lang='lat' dir='ltr'><strong>medii</strong></span> <span class='ocrx_word' id='word_1_30' title='bbox 560 371 635 408; x_wconf 84' lang='lat' dir='ltr'><strong>aevi</strong></span> <span class='ocrx_word' id='word_1_31' title='bbox 664 371 858 408; x_wconf 87' lang='lat' dir='ltr'><strong>doctoribus</strong></span> <span class='ocrx_word' id='word_1_32' title='bbox 885 368 997 408; x_wconf 85' lang='lat' dir='ltr'><strong>totum</strong></span> <span class='ocrx_word' id='word_1_33' title='bbox 1024 365 1202 408; x_wconf 81' lang='lat' dir='ltr'><strong>literarum</strong></span> <span class='ocrx_word' id='word_1_34' title='bbox 1229 381 1372 421; x_wconf 85' lang='lat' dir='ltr'><strong>regnum</strong></span> <span class='ocrx_word' id='word_1_35' title='bbox 1400 370 1533 407; x_wconf 82' lang='lat' dir='ltr'><strong>duabus</strong></span> <span class='ocrx_word' id='word_1_36' title='bbox 1559 369 1799 408; x_wconf 71' lang='lat' dir='ltr'>continebatur</span> <span class='ocrx_word' id='word_1_37' title='bbox 1861 373 1864 374; x_wconf 49' lang='lat'><em>⁷</em></span> 
     </span>
    </p>
   </div>
   <div class='ocr_carea' id='block_1_8' title="bbox 274 435 1797 1631">
    <p class='ocr_par' dir='ltr' id='par_1_8' title="bbox 274 435 1797 1631">
     <span class='ocr_line' id='line_1_8' title="bbox 281 435 1797 485; baseline 0 -12"><span class='ocrx_word' id='word_1_38' title='bbox 281 436 475 484; x_wconf 87' lang='lat' dir='ltr'><strong>provinciis,</strong></span> <span class='ocrx_word' id='word_1_39' title='bbox 513 448 659 485; x_wconf 85' lang='lat' dir='ltr'><strong>quarum</strong></span> <span class='ocrx_word' id='word_1_40' title='bbox 682 449 752 474; x_wconf 84' lang='lat' dir='ltr'><strong>una</strong></span> <span class='ocrx_word' id='word_1_41' title='bbox 779 438 1066 485; x_wconf 69' lang='lat' dir='ltr'><strong>complectebatur</strong></span> <span class='ocrx_word' id='word_1_42' title='bbox 1093 448 1211 475; x_wconf 88' lang='lat' dir='ltr'><strong>omnes</strong></span> <span class='ocrx_word' id='word_1_43' title='bbox 1236 437 1316 474; x_wconf 89' lang='lat' dir='ltr'><strong>illas</strong></span> <span class='ocrx_word' id='word_1_44' title='bbox 1343 447 1408 481; x_wconf 87' lang='lat' dir='ltr'><strong>res,</strong></span> <span class='ocrx_word' id='word_1_45' title='bbox 1444 447 1530 484; x_wconf 78' lang='lat' dir='ltr'><strong>quae</strong></span> <span class='ocrx_word' id='word_1_46' title='bbox 1563 436 1638 474; x_wconf 85' lang='lat' dir='ltr'><strong>sola</strong></span> <span class='ocrx_word' id='word_1_47' title='bbox 1663 435 1797 474; x_wconf 86' lang='lat' dir='ltr'><strong>ratione</strong></span> 
     </span>
     <span class='ocr_line' id='line_1_9' title="bbox 282 503 1797 551; baseline 0.001 -12"><span class='ocrx_word' id='word_1_48' title='bbox 282 504 367 540; x_wconf 89' lang='lat' dir='ltr'><strong>duce</strong></span> <span class='ocrx_word' id='word_1_49' title='bbox 394 503 546 551; x_wconf 83' lang='lat' dir='ltr'><strong>intelligi</strong></span> <span class='ocrx_word' id='word_1_50' title='bbox 572 507 727 551; x_wconf 85' lang='lat' dir='ltr'><strong>possunt,</strong></span> <span class='ocrx_word' id='word_1_51' title='bbox 772 505 881 541; x_wconf 83' lang='lat' dir='ltr'><strong>altera</strong></span> <span class='ocrx_word' id='word_1_52' title='bbox 907 516 987 542; x_wconf 83' lang='lat' dir='ltr'><strong>vero</strong></span> <span class='ocrx_word' id='word_1_53' title='bbox 1014 505 1105 549; x_wconf 84' lang='lat' dir='ltr'><strong>illas,</strong></span> <span class='ocrx_word' id='word_1_54' title='bbox 1152 514 1238 551; x_wconf 81' lang='lat' dir='ltr'><strong>quae</strong></span> <span class='ocrx_word' id='word_1_55' title='bbox 1265 515 1286 541; x_wconf 88' lang='lat' dir='ltr'><strong>a</strong></span> <span class='ocrx_word' id='word_1_56' title='bbox 1312 504 1384 541; x_wconf 90' lang='lat' dir='ltr'><strong>Deo</strong></span> <span class='ocrx_word' id='word_1_57' title='bbox 1411 505 1546 551; x_wconf 85' lang='lat' dir='ltr'><strong>praeter</strong></span> <span class='ocrx_word' id='word_1_58' title='bbox 1573 504 1715 541; x_wconf 79' lang='lat' dir='ltr'><strong>naturae</strong></span> <span class='ocrx_word' id='word_1_59' title='bbox 1742 512 1797 540; x_wconf 89' lang='lat' dir='ltr'><strong>or-</strong></span> 
     </span>
     <span class='ocr_line' id='line_1_10' title="bbox 281 570 1795 619; baseline 0 -12"><span class='ocrx_word' id='word_1_60' title='bbox 281 570 395 607; x_wconf 83' lang='lat' dir='ltr'><strong>dinem</strong></span> <span class='ocrx_word' id='word_1_61' title='bbox 421 570 618 608; x_wconf 89' lang='lat' dir='ltr'><strong>hominibus</strong></span> <span class='ocrx_word' id='word_1_62' title='bbox 635 572 805 609; x_wconf 79' lang='lat' dir='ltr'><strong>revelatae</strong></span> <span class='ocrx_word' id='word_1_63' title='bbox 832 572 963 610; x_wconf 82' lang='lat' dir='ltr'><strong>ratione</strong></span> <span class='ocrx_word' id='word_1_64' title='bbox 990 573 1140 609; x_wconf 85' lang='lat' dir='ltr'><strong>humana</strong></span> <span class='ocrx_word' id='word_1_65' title='bbox 1165 583 1234 608; x_wconf 88' lang='lat' dir='ltr'><strong>non</strong></span> <span class='ocrx_word' id='word_1_66' title='bbox 1261 571 1513 619; x_wconf 75' lang='lat' dir='ltr'><strong>perspiciendae</strong></span> <span class='ocrx_word' id='word_1_67' title='bbox 1541 571 1601 607; x_wconf 88' lang='lat' dir='ltr'><strong>scd</strong></span> <span class='ocrx_word' id='word_1_68' title='bbox 1627 570 1702 607; x_wconf 87' lang='lat' dir='ltr'><strong>sola</strong></span> <span class='ocrx_word' id='word_1_69' title='bbox 1728 570 1795 607; x_wconf 88' lang='lat' dir='ltr'><strong>fide</strong></span> 
     </span>
     <span class='ocr_line' id='line_1_11' title="bbox 281 636 1795 686; baseline 0.001 -12"><span class='ocrx_word' id='word_1_70' title='bbox 281 639 362 674; x_wconf 84' lang='lat' dir='ltr'><strong>sunt</strong></span> <span class='ocrx_word' id='word_1_71' title='bbox 388 638 564 675; x_wconf 84' lang='lat' dir='ltr'><strong>tenendae.</strong></span> <span class='ocrx_word' id='word_1_72' title='bbox 619 637 734 685; x_wconf 84' lang='lat' dir='ltr'><strong>Atque</strong></span> <span class='ocrx_word' id='word_1_73' title='bbox 762 649 878 676; x_wconf 87' lang='lat' dir='ltr'><strong>omnes</strong></span> <span class='ocrx_word' id='word_1_74' title='bbox 919 639 1056 686; x_wconf 85' lang='lat' dir='ltr'><strong>quidem</strong></span> <span class='ocrx_word' id='word_1_75' title='bbox 1082 650 1138 676; x_wconf 87' lang='lat' dir='ltr'><strong>res</strong></span> <span class='ocrx_word' id='word_1_76' title='bbox 1174 638 1316 676; x_wconf 73' lang='lat' dir='ltr'><strong>rationis</strong></span> <span class='ocrx_word' id='word_1_77' title='bbox 1343 637 1450 676; x_wconf 88' lang='lat' dir='ltr'><strong>solius</strong></span> <span class='ocrx_word' id='word_1_78' title='bbox 1477 636 1692 686; x_wconf 85' lang='lat' dir='ltr'><strong>inquisitioni</strong></span> <span class='ocrx_word' id='word_1_79' title='bbox 1718 647 1795 686; x_wconf 84' lang='lat' dir='ltr'><strong>per-</strong></span> 
     </span>
     <span class='ocr_line' id='line_1_12' title="bbox 280 704 1795 752; baseline -0.001 -10"><span class='ocrx_word' id='word_1_80' title='bbox 280 704 354 742; x_wconf 86' lang='lat' dir='ltr'><strong>vias</strong></span> <span class='ocrx_word' id='word_1_81' title='bbox 389 706 432 742; x_wconf 86' lang='lat' dir='ltr'><strong>ad</strong></span> <span class='ocrx_word' id='word_1_82' title='bbox 465 705 726 752; x_wconf 77' lang='lat' dir='ltr'><strong>philosophiam,</strong></span> <span class='ocrx_word' id='word_1_83' title='bbox 765 717 881 743; x_wconf 89' lang='lat' dir='ltr'><strong>omnes</strong></span> <span class='ocrx_word' id='word_1_84' title='bbox 916 717 997 743; x_wconf 79' lang='lat' dir='ltr'><strong>vero</strong></span> <span class='ocrx_word' id='word_1_85' title='bbox 1034 706 1218 743; x_wconf 82' lang='lat' dir='ltr'><strong>revelantis</strong></span> <span class='ocrx_word' id='word_1_86' title='bbox 1246 717 1319 742; x_wconf 90' lang='lat' dir='ltr'><strong>sese</strong></span> <span class='ocrx_word' id='word_1_87' title='bbox 1346 706 1411 742; x_wconf 88' lang='lat' dir='ltr'><strong>Dei</strong></span> <span class='ocrx_word' id='word_1_88' title='bbox 1438 706 1640 742; x_wconf 84' lang='lat' dir='ltr'><strong>auctoritate</strong></span> <span class='ocrx_word' id='word_1_89' title='bbox 1673 704 1795 742; x_wconf 83' lang='lat' dir='ltr'><strong>innixa</strong></span> 
     </span>
     <span class='ocr_line' id='line_1_13' title="bbox 280 772 1794 822; baseline 0.001 -13"><span class='ocrx_word' id='word_1_90' title='bbox 280 772 346 810; x_wconf 91' lang='lat' dir='ltr'><strong>fide</strong></span> <span class='ocrx_word' id='word_1_91' title='bbox 373 774 550 820; x_wconf 84' lang='lat' dir='ltr'><strong>perceptas</strong></span> <span class='ocrx_word' id='word_1_92' title='bbox 578 773 622 810; x_wconf 91' lang='lat' dir='ltr'><strong>ad</strong></span> <span class='ocrx_word' id='word_1_93' title='bbox 649 773 857 822; x_wconf 78' lang='lat' dir='ltr'><strong>theologiam</strong></span> <span class='ocrx_word' id='word_1_94' title='bbox 884 773 1054 822; x_wconf 83' lang='lat' dir='ltr'><strong>pertinere</strong></span> <span class='ocrx_word' id='word_1_95' title='bbox 1082 774 1273 812; x_wconf 81' lang='lat' dir='ltr'><strong>censebant.</strong></span> <span class='ocrx_word' id='word_1_96' title='bbox 1319 773 1498 812; x_wconf 78' lang='lat' dir='ltr'><strong>Praeclare</strong></span> <span class='ocrx_word' id='word_1_97' title='bbox 1516 776 1619 821; x_wconf 85' lang='lat' dir='ltr'><strong>atque</strong></span> <span class='ocrx_word' id='word_1_98' title='bbox 1637 775 1794 811; x_wconf 77' lang='lat' dir='ltr'><strong>accurate</strong></span> 
     </span>
     <span class='ocr_line' id='line_1_14' title="bbox 281 840 1795 889; baseline 0.001 -12"><span class='ocrx_word' id='word_1_99' title='bbox 281 841 364 877; x_wconf 87' lang='lat' dir='ltr'><strong>duas</strong></span> <span class='ocrx_word' id='word_1_100' title='bbox 391 840 472 878; x_wconf 88' lang='lat' dir='ltr'><strong>illas</strong></span> <span class='ocrx_word' id='word_1_101' title='bbox 499 841 704 888; x_wconf 78' lang='lat' dir='ltr'><strong>cognitionis</strong></span> <span class='ocrx_word' id='word_1_102' title='bbox 731 842 900 878; x_wconf 88' lang='lat' dir='ltr'><strong>humanae</strong></span> <span class='ocrx_word' id='word_1_103' title='bbox 935 841 1127 888; x_wconf 87' lang='lat' dir='ltr'><strong>provincias</strong></span> <span class='ocrx_word' id='word_1_104' title='bbox 1162 844 1337 889; x_wconf 85' lang='lat' dir='ltr'><strong>exponunt</strong></span> <span class='ocrx_word' id='word_1_105' title='bbox 1372 843 1475 888; x_wconf 89' lang='lat' dir='ltr'><strong>atque</strong></span> <span class='ocrx_word' id='word_1_106' title='bbox 1511 840 1795 878; x_wconf 82' lang='lat' dir='ltr'><strong>circumscribunt</strong></span> 
     </span>
     <span class='ocr_line' id='line_1_15' title="bbox 279 907 1795 956; baseline 0.001 -12"><span class='ocrx_word' id='word_1_107' title='bbox 279 907 442 945; x_wconf 88' lang='lat' dir='ltr'><strong>Doctores</strong></span> <span class='ocrx_word' id='word_1_108' title='bbox 470 908 592 945; x_wconf 87' lang='lat' dir='ltr'><strong>decimi</strong></span> <span class='ocrx_word' id='word_1_109' title='bbox 618 908 713 945; x_wconf 86' lang='lat' dir='ltr'><strong>tertii</strong></span> <span class='ocrx_word' id='word_1_110' title='bbox 741 908 856 946; x_wconf 89' lang='lat' dir='ltr'><strong>seculi-</strong></span> <span class='ocrx_word' id='word_1_111' title='bbox 875 920 915 946; x_wconf 87' lang='lat' dir='ltr'><strong>ac</strong></span> <span class='ocrx_word' id='word_1_112' title='bbox 942 908 1088 946; x_wconf 83' lang='lat' dir='ltr'><strong>maxime</strong></span> <span class='ocrx_word' id='word_1_113' title='bbox 1116 909 1151 946; x_wconf 90' lang='lat' dir='ltr'><strong>S.</strong></span> <span class='ocrx_word' id='word_1_114' title='bbox 1179 907 1377 955; x_wconf 74' lang='lat' dir='ltr'><strong>Thomas‚²)</strong></span> <span class='ocrx_word' id='word_1_115' title='bbox 1413 919 1523 956; x_wconf 89' lang='lat' dir='ltr'><strong>neque</strong></span> <span class='ocrx_word' id='word_1_116' title='bbox 1550 910 1665 946; x_wconf 86' lang='lat' dir='ltr'><strong>tamen</strong></span> <span class='ocrx_word' id='word_1_117' title='bbox 1694 907 1795 946; x_wconf 89' lang='lat' dir='ltr'><strong>dubi-</strong></span> 
     </span>
     <span class='ocr_line' id='line_1_16' title="bbox 279 975 1795 1022; baseline 0.001 -10"><span class='ocrx_word' id='word_1_118' title='bbox 279 975 346 1012; x_wconf 86' lang='lat' dir='ltr'><strong>tari</strong></span> <span class='ocrx_word' id='word_1_119' title='bbox 382 975 473 1020; x_wconf 88' lang='lat' dir='ltr'><strong>licet,</strong></span> <span class='ocrx_word' id='word_1_120' title='bbox 518 975 601 1022; x_wconf 90' lang='lat' dir='ltr'><strong>quin</strong></span> <span class='ocrx_word' id='word_1_121' title='bbox 630 976 664 1013; x_wconf 86' lang='lat' dir='ltr'><strong>S.</strong></span> <span class='ocrx_word' id='word_1_122' title='bbox 693 975 877 1013; x_wconf 87' lang='lat' dir='ltr'><strong>Anselmus</strong></span> <span class='ocrx_word' id='word_1_123' title='bbox 913 976 950 1013; x_wconf 90' lang='lat' dir='ltr'><strong>in</strong></span> <span class='ocrx_word' id='word_1_124' title='bbox 986 977 1103 1014; x_wconf 89' lang='lat' dir='ltr'><strong>eadem</strong></span> <span class='ocrx_word' id='word_1_125' title='bbox 1139 976 1242 1013; x_wconf 85' lang='lat' dir='ltr'><strong>fuerit</strong></span> <span class='ocrx_word' id='word_1_126' title='bbox 1276 976 1454 1013; x_wconf 84' lang='lat' dir='ltr'><strong>sententia.</strong></span> <span class='ocrx_word' id='word_1_127' title='bbox 1509 975 1667 1013; x_wconf 85' lang='lat' dir='ltr'><strong>Affirmat</strong></span> <span class='ocrx_word' id='word_1_128' title='bbox 1701 975 1795 1013; x_wconf 79' lang='lat' dir='ltr'><strong>enim</strong></span> 
     </span>
     <span class='ocr_line' id='line_1_17' title="bbox 280 1025 1793 1091; baseline 0 -12"><span class='ocrx_word' id='word_1_129' title='bbox 280 1053 448 1089; x_wconf 82' lang='lat' dir='ltr'><strong>expresse,</strong></span> <span class='ocrx_word' id='word_1_130' title='bbox 483 1042 654 1080; x_wconf 89' lang='lat' dir='ltr'><strong>hominem</strong></span> <span class='ocrx_word' id='word_1_131' title='bbox 689 1025 818 1090; x_wconf 76' lang='lat' dir='ltr'><strong>proprii</strong></span> <span class='ocrx_word' id='word_1_132' title='bbox 853 1042 984 1091; x_wconf 90' lang='lat' dir='ltr'><strong>ingenii</strong></span> <span class='ocrx_word' id='word_1_133' title='bbox 1018 1043 1149 1081; x_wconf 83' lang='lat' dir='ltr'><strong>viribus</strong></span> <span class='ocrx_word' id='word_1_134' title='bbox 1186 1043 1294 1080; x_wconf 88' lang='lat' dir='ltr'><strong>multa</strong></span> <span class='ocrx_word' id='word_1_135' title='bbox 1329 1053 1410 1080; x_wconf 86' lang='lat' dir='ltr'><strong>vera</strong></span> <span class='ocrx_word' id='word_1_136' title='bbox 1444 1053 1646 1091; x_wconf 87' lang='lat' dir='ltr'><strong>cognoscere</strong></span> <span class='ocrx_word' id='word_1_137' title='bbox 1682 1052 1793 1090; x_wconf 67' lang='lat' dir='ltr'><strong>pooee.</strong></span> 
     </span>
     <span class='ocr_line' id='line_1_18' title="bbox 281 1109 1794 1158; baseline 0.001 -12"><span class='ocrx_word' id='word_1_138' title='bbox 281 1109 340 1154; x_wconf 88' lang='lat' dir='ltr'><strong>„Si</strong></span> <span class='ocrx_word' id='word_1_139' title='bbox 373 1110 481 1157; x_wconf 87' lang='lat' dir='ltr'><strong>quis,“</strong></span> <span class='ocrx_word' id='word_1_140' title='bbox 509 1131 564 1137; x_wconf 85' lang='lat'><strong>——</strong></span> <span class='ocrx_word' id='word_1_141' title='bbox 591 1111 640 1147; x_wconf 82' lang='lat' dir='ltr'><strong>ita</strong></span> <span class='ocrx_word' id='word_1_142' title='bbox 675 1110 798 1158; x_wconf 89' lang='lat' dir='ltr'><strong>incipit</strong></span> <span class='ocrx_word' id='word_1_143' title='bbox 824 1110 1057 1158; x_wconf 84' lang='lat' dir='ltr'><strong>Monologium</strong></span> <span class='ocrx_word' id='word_1_144' title='bbox 1089 1132 1136 1137; x_wconf 87' lang='lat'>—</span> <span class='ocrx_word' id='word_1_145' title='bbox 1168 1122 1289 1155; x_wconf 83' lang='lat' dir='ltr'><strong>„unam</strong></span> <span class='ocrx_word' id='word_1_146' title='bbox 1324 1113 1482 1148; x_wconf 84' lang='lat' dir='ltr'><strong>naturam</strong></span> <span class='ocrx_word' id='word_1_147' title='bbox 1519 1121 1686 1147; x_wconf 84' lang='lat' dir='ltr'><strong>summam</strong></span> <span class='ocrx_word' id='word_1_148' title='bbox 1723 1121 1794 1147; x_wconf 91' lang='lat' dir='ltr'><strong>om-</strong></span> 
     </span>
     <span class='ocr_line' id='line_1_19' title="bbox 279 1163 1795 1224; baseline 0.001 -11"><span class='ocrx_word' id='word_1_149' title='bbox 279 1176 385 1221; x_wconf 89' lang='lat' dir='ltr'><strong>nium,</strong></span> <span class='ocrx_word' id='word_1_150' title='bbox 414 1188 500 1224; x_wconf 85' lang='lat' dir='ltr'><strong>quae</strong></span> <span class='ocrx_word' id='word_1_151' title='bbox 528 1179 619 1223; x_wconf 89' lang='lat' dir='ltr'><strong>sunt,</strong></span> <span class='ocrx_word' id='word_1_152' title='bbox 648 1178 755 1215; x_wconf 90' lang='lat' dir='ltr'><strong>solam</strong></span> <span class='ocrx_word' id='word_1_153' title='bbox 783 1177 850 1215; x_wconf 90' lang='lat' dir='ltr'><strong>sibi</strong></span> <span class='ocrx_word' id='word_1_154' title='bbox 877 1177 914 1214; x_wconf 89' lang='lat' dir='ltr'><strong>in</strong></span> <span class='ocrx_word' id='word_1_155' title='bbox 941 1179 1079 1216; x_wconf 86' lang='lat' dir='ltr'><strong>aeterna</strong></span> <span class='ocrx_word' id='word_1_156' title='bbox 1105 1177 1316 1215; x_wconf 88' lang='lat' dir='ltr'><strong>beatitudine</strong></span> <span class='ocrx_word' id='word_1_157' title='bbox 1344 1189 1406 1215; x_wconf 86' lang='lat' dir='ltr'><strong>sua</strong></span> <span class='ocrx_word' id='word_1_158' title='bbox 1424 1177 1658 1223; x_wconf 87' lang='lat' dir='ltr'><strong>sufficientem,</strong></span> <span class='ocrx_word' id='word_1_159' title='bbox 1686 1163 1795 1215; x_wconf 89' lang='lat' dir='ltr'><strong>omni-</strong></span> 
     </span>
     <span class='ocr_line' id='line_1_20' title="bbox 278 1244 1794 1293; baseline 0.001 -12"><span class='ocrx_word' id='word_1_160' title='bbox 278 1245 411 1292; x_wconf 89' lang='lat' dir='ltr'><strong>busque</strong></span> <span class='ocrx_word' id='word_1_161' title='bbox 438 1245 542 1282; x_wconf 90' lang='lat' dir='ltr'><strong>rebus</strong></span> <span class='ocrx_word' id='word_1_162' title='bbox 569 1244 647 1282; x_wconf 89' lang='lat' dir='ltr'><strong>aliis</strong></span> <span class='ocrx_word' id='word_1_163' title='bbox 675 1246 740 1283; x_wconf 90' lang='lat' dir='ltr'><strong>hoc</strong></span> <span class='ocrx_word' id='word_1_164' title='bbox 767 1245 891 1292; x_wconf 89' lang='lat' dir='ltr'><strong>ipsum,</strong></span> <span class='ocrx_word' id='word_1_165' title='bbox 928 1246 1019 1292; x_wconf 89' lang='lat' dir='ltr'><strong>quod</strong></span> <span class='ocrx_word' id='word_1_166' title='bbox 1046 1245 1179 1293; x_wconf 90' lang='lat' dir='ltr'><strong>aliquid</strong></span> <span class='ocrx_word' id='word_1_167' title='bbox 1207 1248 1296 1290; x_wconf 88' lang='lat' dir='ltr'><strong>sunt,</strong></span> <span class='ocrx_word' id='word_1_168' title='bbox 1342 1247 1403 1282; x_wconf 89' lang='lat' dir='ltr'><strong>aut</strong></span> <span class='ocrx_word' id='word_1_169' title='bbox 1431 1246 1522 1293; x_wconf 89' lang='lat' dir='ltr'><strong>quod</strong></span> <span class='ocrx_word' id='word_1_170' title='bbox 1549 1245 1665 1292; x_wconf 86' lang='lat' dir='ltr'><strong>aliquo</strong></span> <span class='ocrx_word' id='word_1_171' title='bbox 1692 1245 1794 1282; x_wconf 88' lang='lat' dir='ltr'><strong>modo</strong></span> 
     </span>
     <span class='ocr_line' id='line_1_21' title="bbox 277 1312 1793 1361; baseline 0.002 -13"><span class='ocrx_word' id='word_1_172' title='bbox 277 1312 364 1348; x_wconf 84' lang='lat' dir='ltr'><strong>bene</strong></span> <span class='ocrx_word' id='word_1_173' title='bbox 392 1313 483 1356; x_wconf 88' lang='lat' dir='ltr'><strong>sunt,</strong></span> <span class='ocrx_word' id='word_1_174' title='bbox 510 1322 572 1359; x_wconf 89' lang='lat' dir='ltr'><strong>per</strong></span> <span class='ocrx_word' id='word_1_175' title='bbox 599 1312 865 1360; x_wconf 88' lang='lat' dir='ltr'><strong>omnipotentem</strong></span> <span class='ocrx_word' id='word_1_176' title='bbox 892 1312 1081 1350; x_wconf 87' lang='lat' dir='ltr'><strong>bonitatem</strong></span> <span class='ocrx_word' id='word_1_177' title='bbox 1109 1324 1204 1351; x_wconf 87' lang='lat' dir='ltr'><strong>suam</strong></span> <span class='ocrx_word' id='word_1_178' title='bbox 1233 1313 1368 1351; x_wconf 84' lang='lat' dir='ltr'><strong>dantem</strong></span> <span class='ocrx_word' id='word_1_179' title='bbox 1396 1315 1431 1351; x_wconf 88' lang='lat' dir='ltr'><strong>et</strong></span> <span class='ocrx_word' id='word_1_180' title='bbox 1458 1312 1641 1351; x_wconf 82' lang='lat' dir='ltr'><strong>facientem</strong></span> <span class='ocrx_word' id='word_1_181' title='bbox 1651 1312 1793 1361; x_wconf 82' lang='lat' dir='ltr'><strong>aliaque</strong></span> 
     </span>
     <span class='ocr_line' id='line_1_22' title="bbox 276 1380 1795 1427; baseline 0 -10"><span class='ocrx_word' id='word_1_182' title='bbox 276 1380 448 1427; x_wconf 85' lang='lat' dir='ltr'><strong>perplura,</strong></span> <span class='ocrx_word' id='word_1_183' title='bbox 476 1391 563 1427; x_wconf 85' lang='lat' dir='ltr'><strong>quae</strong></span> <span class='ocrx_word' id='word_1_184' title='bbox 591 1381 632 1418; x_wconf 90' lang='lat' dir='ltr'><strong>de</strong></span> <span class='ocrx_word' id='word_1_185' title='bbox 659 1381 731 1418; x_wconf 91' lang='lat' dir='ltr'><strong>Deo</strong></span> <span class='ocrx_word' id='word_1_186' title='bbox 760 1380 832 1418; x_wconf 87' lang='lat' dir='ltr'><strong>sive</strong></span> <span class='ocrx_word' id='word_1_187' title='bbox 860 1381 901 1418; x_wconf 89' lang='lat' dir='ltr'><strong>de</strong></span> <span class='ocrx_word' id='word_1_188' title='bbox 929 1381 1002 1418; x_wconf 90' lang='lat' dir='ltr'><strong>eius</strong></span> <span class='ocrx_word' id='word_1_189' title='bbox 1030 1383 1183 1418; x_wconf 83' lang='lat' dir='ltr'><strong>creatura</strong></span> <span class='ocrx_word' id='word_1_190' title='bbox 1209 1382 1396 1419; x_wconf 87' lang='lat' dir='ltr'><strong>necessario</strong></span> <span class='ocrx_word' id='word_1_191' title='bbox 1425 1381 1603 1425; x_wconf 87' lang='lat' dir='ltr'><strong>credimus,</strong></span> <span class='ocrx_word' id='word_1_192' title='bbox 1637 1383 1698 1418; x_wconf 87' lang='lat' dir='ltr'><strong>aut</strong></span> <span class='ocrx_word' id='word_1_193' title='bbox 1724 1393 1795 1418; x_wconf 91' lang='lat' dir='ltr'><strong>non</strong></span> 
     </span>
     <span class='ocr_line' id='line_1_23' title="bbox 276 1447 1793 1498; baseline 0.001 -13"><span class='ocrx_word' id='word_1_194' title='bbox 276 1447 443 1486; x_wconf 87' lang='lat' dir='ltr'><strong>audiendo</strong></span> <span class='ocrx_word' id='word_1_195' title='bbox 462 1450 497 1485; x_wconf 90' lang='lat' dir='ltr'><strong>et</strong></span> <span class='ocrx_word' id='word_1_196' title='bbox 514 1459 584 1486; x_wconf 90' lang='lat' dir='ltr'><strong>non</strong></span> <span class='ocrx_word' id='word_1_197' title='bbox 599 1448 763 1487; x_wconf 88' lang='lat' dir='ltr'><strong>credendo</strong></span> <span class='ocrx_word' id='word_1_198' title='bbox 782 1447 929 1497; x_wconf 83' lang='lat' dir='ltr'><strong>ignorat,</strong></span> <span class='ocrx_word' id='word_1_199' title='bbox 946 1450 1057 1497; x_wconf 88' lang='lat' dir='ltr'><strong>putat,</strong></span> <span class='ocrx_word' id='word_1_200' title='bbox 1076 1448 1157 1497; x_wconf 86' lang='lat' dir='ltr'><strong>quia</strong></span> <span class='ocrx_word' id='word_1_201' title='bbox 1175 1460 1223 1488; x_wconf 84' lang='lat' dir='ltr'><strong>ea</strong></span> <span class='ocrx_word' id='word_1_202' title='bbox 1249 1449 1352 1498; x_wconf 82' lang='lat' dir='ltr'><strong>ipsa</strong></span> <span class='ocrx_word' id='word_1_203' title='bbox 1378 1460 1430 1488; x_wconf 86' lang='lat' dir='ltr'><strong>ex</strong></span> <span class='ocrx_word' id='word_1_204' title='bbox 1457 1460 1614 1498; x_wconf 87' lang='lat' dir='ltr'><strong>magna</strong></span> <span class='ocrx_word' id='word_1_205' title='bbox 1640 1451 1793 1497; x_wconf 86' lang='lat' dir='ltr'><strong>parte,</strong></span> 
     </span>
     <span class='ocr_line' id='line_1_24' title="bbox 274 1516 1793 1565; baseline 0.001 -12"><span class='ocrx_word' id='word_1_206' title='bbox 274 1516 304 1553; x_wconf 91' lang='lat' dir='ltr'><strong>si</strong></span> <span class='ocrx_word' id='word_1_207' title='bbox 330 1517 387 1553; x_wconf 84' lang='lat' dir='ltr'><strong>vel</strong></span> <span class='ocrx_word' id='word_1_208' title='bbox 413 1517 591 1554; x_wconf 88' lang='lat' dir='ltr'><strong>mediocris</strong></span> <span class='ocrx_word' id='word_1_209' title='bbox 618 1517 749 1565; x_wconf 84' lang='lat' dir='ltr'><strong>ingenii</strong></span> <span class='ocrx_word' id='word_1_210' title='bbox 777 1520 839 1561; x_wconf 88' lang='lat' dir='ltr'><strong>est,</strong></span> <span class='ocrx_word' id='word_1_211' title='bbox 866 1519 1023 1564; x_wconf 89' lang='lat' dir='ltr'><strong>potest</strong></span> <span class='ocrx_word' id='word_1_212' title='bbox 1049 1517 1147 1564; x_wconf 90' lang='lat' dir='ltr'><strong>ipse</strong></span> <span class='ocrx_word' id='word_1_213' title='bbox 1175 1517 1266 1554; x_wconf 89' lang='lat' dir='ltr'><strong>sibi</strong></span> <span class='ocrx_word' id='word_1_214' title='bbox 1294 1518 1455 1554; x_wconf 85' lang='lat' dir='ltr'><strong>saltem</strong></span> <span class='ocrx_word' id='word_1_215' title='bbox 1482 1517 1582 1554; x_wconf 86' lang='lat' dir='ltr'><strong>sola</strong></span> <span class='ocrx_word' id='word_1_216' title='bbox 1608 1516 1793 1554; x_wconf 81' lang='lat' dir='ltr'><strong>ratione</strong></span> 
     </span>
     <span class='ocr_line' id='line_1_25' title="bbox 274 1582 620 1631; baseline 0 -10"><span class='ocrx_word' id='word_1_217' title='bbox 274 1582 620 1631; x_wconf 81' lang='lat' dir='ltr'><strong>persuadere.“³)</strong></span> 
     </span>
    </p>
   </div>
   <div class='ocr_carea' id='block_1_9' title="bbox 250 1698 1801 2280">
    <p class='ocr_par' dir='ltr' id='par_1_9' title="bbox 250 1698 1801 2280">
     <span class='ocr_line' id='line_1_26' title="bbox 388 1698 1795 1733; baseline 0 -7"><span class='ocrx_word' id='word_1_218' title='bbox 388 1698 409 1733; x_wconf 81' lang='lat'><strong>¹)</strong></span> <span class='ocrx_word' id='word_1_219' title='bbox 428 1698 489 1726; x_wconf 83' lang='lat' dir='ltr'><strong>Non</strong></span> <span class='ocrx_word' id='word_1_220' title='bbox 507 1698 585 1726; x_wconf 86' lang='lat' dir='ltr'><strong>modo</strong></span> <span class='ocrx_word' id='word_1_221' title='bbox 604 1698 828 1726; x_wconf 80' lang='lat' dir='ltr'><strong>Scholasticorum</strong></span> <span class='ocrx_word' id='word_1_222' title='bbox 847 1698 1037 1726; x_wconf 79' lang='lat' dir='ltr'><strong>obtrectatores</strong></span> <span class='ocrx_word' id='word_1_223' title='bbox 1056 1707 1149 1726; x_wconf 87' lang='lat' dir='ltr'><strong>verum</strong></span> <span class='ocrx_word' id='word_1_224' title='bbox 1168 1698 1248 1726; x_wconf 81' lang='lat' dir='ltr'><strong>etiam</strong></span> <span class='ocrx_word' id='word_1_225' title='bbox 1274 1698 1394 1726; x_wconf 78' lang='lat' dir='ltr'><strong>fautores</strong></span> <span class='ocrx_word' id='word_1_226' title='bbox 1417 1698 1450 1726; x_wconf 87' lang='lat' dir='ltr'><strong>de</strong></span> <span class='ocrx_word' id='word_1_227' title='bbox 1468 1698 1518 1725; x_wconf 78' lang='lat' dir='ltr'><strong>hac</strong></span> <span class='ocrx_word' id='word_1_228' title='bbox 1537 1706 1565 1726; x_wconf 88' lang='lat' dir='ltr'><strong>re</strong></span> <span class='ocrx_word' id='word_1_229' title='bbox 1583 1698 1610 1725; x_wconf 92' lang='lat' dir='ltr'><strong>in</strong></span> <span class='ocrx_word' id='word_1_230' title='bbox 1629 1706 1717 1726; x_wconf 84' lang='lat' dir='ltr'><strong>errore</strong></span> <span class='ocrx_word' id='word_1_231' title='bbox 1735 1707 1795 1726; x_wconf 86' lang='lat' dir='ltr'><strong>ver-</strong></span> 
     </span>
     <span class='ocr_line' id='line_1_27' title="bbox 278 1747 1795 1783; baseline 0.001 -8"><span class='ocrx_word' id='word_1_232' title='bbox 278 1749 381 1776; x_wconf 82' lang='lat' dir='ltr'><strong>santur.</strong></span> <span class='ocrx_word' id='word_1_233' title='bbox 419 1748 463 1775; x_wconf 79' lang='lat' dir='ltr'><strong>Ita</strong></span> <span class='ocrx_word' id='word_1_234' title='bbox 481 1748 582 1778; x_wconf 75' lang='lat' dir='ltr'><strong>Mai-ret</strong></span> <span class='ocrx_word' id='word_1_235' title='bbox 600 1747 754 1783; x_wconf 62' lang='lat' dir='ltr'><strong>(Theodicec</strong></span> <span class='ocrx_word' id='word_1_236' title='bbox 772 1747 922 1775; x_wconf 84' lang='lat' dir='ltr'><strong>chretienne</strong></span> <span class='ocrx_word' id='word_1_237' title='bbox 940 1756 974 1775; x_wconf 88' lang='lat' dir='ltr'><strong>ou</strong></span> <span class='ocrx_word' id='word_1_238' title='bbox 992 1748 1175 1783; x_wconf 78' lang='lat' dir='ltr'><strong>comparaison</strong></span> <span class='ocrx_word' id='word_1_239' title='bbox 1200 1748 1233 1775; x_wconf 89' lang='lat' dir='ltr'><strong>de</strong></span> <span class='ocrx_word' id='word_1_240' title='bbox 1251 1748 1278 1775; x_wconf 88' lang='lat' dir='ltr'><strong>la</strong></span> <span class='ocrx_word' id='word_1_241' title='bbox 1296 1748 1387 1775; x_wconf 87' lang='lat' dir='ltr'><strong>notion</strong></span> <span class='ocrx_word' id='word_1_242' title='bbox 1406 1747 1558 1776; x_wconf 82' lang='lat' dir='ltr'><strong>chretienne</strong></span> <span class='ocrx_word' id='word_1_243' title='bbox 1576 1756 1640 1776; x_wconf 81' lang='lat' dir='ltr'><strong>avec</strong></span> <span class='ocrx_word' id='word_1_244' title='bbox 1657 1748 1686 1776; x_wconf 78' lang='lat' dir='ltr'><strong>la</strong></span> <span class='ocrx_word' id='word_1_245' title='bbox 1702 1749 1795 1776; x_wconf 84' lang='lat' dir='ltr'><strong>notiou</strong></span> 
     </span>
     <span class='ocr_line' id='line_1_28' title="bbox 276 1796 1792 1834; baseline 0.001 -9"><span class='ocrx_word' id='word_1_246' title='bbox 276 1797 443 1825; x_wconf 75' lang='lat' dir='ltr'><strong>rationaliste</strong></span> <span class='ocrx_word' id='word_1_247' title='bbox 468 1797 500 1825; x_wconf 88' lang='lat' dir='ltr'><strong>de</strong></span> <span class='ocrx_word' id='word_1_248' title='bbox 518 1797 597 1832; x_wconf 90' lang='lat' dir='ltr'><strong>Dieu,</strong></span> <span class='ocrx_word' id='word_1_249' title='bbox 628 1806 652 1832; x_wconf 90' lang='lat' dir='ltr'><strong>p.</strong></span> <span class='ocrx_word' id='word_1_250' title='bbox 673 1798 718 1832; x_wconf 77' lang='lat'><strong>59)</strong></span> <span class='ocrx_word' id='word_1_251' title='bbox 737 1797 803 1825; x_wconf 84' lang='lat' dir='ltr'><strong>haec</strong></span> <span class='ocrx_word' id='word_1_252' title='bbox 820 1797 913 1825; x_wconf 80' lang='lat' dir='ltr'><strong>habet:</strong></span> <span class='ocrx_word' id='word_1_253' title='bbox 944 1796 1000 1832; x_wconf 86' lang='lat' dir='ltr'><strong>„Ce</strong></span> <span class='ocrx_word' id='word_1_254' title='bbox 1021 1797 1066 1833; x_wconf 82' lang='lat' dir='ltr'><strong>qui</strong></span> <span class='ocrx_word' id='word_1_255' title='bbox 1085 1805 1127 1825; x_wconf 87' lang='lat' dir='ltr'><strong>me</strong></span> <span class='ocrx_word' id='word_1_256' title='bbox 1150 1798 1238 1832; x_wconf 81' lang='lat' dir='ltr'><strong>parait</strong></span> <span class='ocrx_word' id='word_1_257' title='bbox 1256 1797 1426 1825; x_wconf 75' lang='lat' dir='ltr'><strong>caracteriser</strong></span> <span class='ocrx_word' id='word_1_258' title='bbox 1450 1798 1478 1826; x_wconf 79' lang='lat' dir='ltr'><strong>la</strong></span> <span class='ocrx_word' id='word_1_259' title='bbox 1500 1797 1625 1826; x_wconf 71' lang='lat' dir='ltr'><strong>methode</strong></span> <span class='ocrx_word' id='word_1_260' title='bbox 1643 1797 1792 1834; x_wconf 77' lang='lat' dir='ltr'><strong>d&#39;Anselm,</strong></span> 
     </span>
     <span class='ocr_line' id='line_1_29' title="bbox 277 1847 1799 1884; baseline 0.001 -10"><span class='ocrx_word' id='word_1_261' title='bbox 277 1848 343 1875; x_wconf 79' lang='lat' dir='ltr'><strong>c&#39;est</strong></span> <span class='ocrx_word' id='word_1_262' title='bbox 361 1855 398 1874; x_wconf 87' lang='lat' dir='ltr'><strong>un</strong></span> <span class='ocrx_word' id='word_1_263' title='bbox 416 1848 508 1874; x_wconf 84' lang='lat' dir='ltr'><strong>retour</strong></span> <span class='ocrx_word' id='word_1_264' title='bbox 526 1847 543 1874; x_wconf 74' lang='lat' dir='ltr'><strong>a</strong></span> <span class='ocrx_word' id='word_1_265' title='bbox 560 1847 587 1874; x_wconf 87' lang='lat' dir='ltr'><strong>la</strong></span> <span class='ocrx_word' id='word_1_266' title='bbox 605 1847 772 1882; x_wconf 79' lang='lat' dir='ltr'><strong>philosophie</strong></span> <span class='ocrx_word' id='word_1_267' title='bbox 791 1847 837 1874; x_wconf 82' lang='lat' dir='ltr'><strong>des</strong></span> <span class='ocrx_word' id='word_1_268' title='bbox 854 1848 961 1875; x_wconf 87' lang='lat' dir='ltr'><strong>anciens</strong></span> <span class='ocrx_word' id='word_1_269' title='bbox 979 1848 1063 1882; x_wconf 75' lang='lat' dir='ltr'><strong>peres,</strong></span> <span class='ocrx_word' id='word_1_270' title='bbox 1081 1856 1098 1875; x_wconf 80' lang='lat' dir='ltr'><strong>a</strong></span> <span class='ocrx_word' id='word_1_271' title='bbox 1115 1849 1185 1875; x_wconf 80' lang='lat' dir='ltr'><strong>cette</strong></span> <span class='ocrx_word' id='word_1_272' title='bbox 1203 1847 1381 1882; x_wconf 80' lang='lat' dir='ltr'><strong>philosophie,</strong></span> <span class='ocrx_word' id='word_1_273' title='bbox 1408 1847 1455 1882; x_wconf 89' lang='lat' dir='ltr'><strong>qni</strong></span> <span class='ocrx_word' id='word_1_274' title='bbox 1473 1849 1536 1882; x_wconf 68' lang='lat' dir='ltr'><strong>part</strong></span> <span class='ocrx_word' id='word_1_275' title='bbox 1553 1847 1586 1875; x_wconf 84' lang='lat' dir='ltr'><strong>de</strong></span> <span class='ocrx_word' id='word_1_276' title='bbox 1603 1847 1632 1875; x_wconf 81' lang='lat' dir='ltr'><strong>la</strong></span> <span class='ocrx_word' id='word_1_277' title='bbox 1650 1847 1696 1883; x_wconf 79' lang='lat' dir='ltr'><strong>foi,</strong></span> <span class='ocrx_word' id='word_1_278' title='bbox 1715 1848 1799 1884; x_wconf 79' lang='lat' dir='ltr'><strong>prend</strong></span> 
     </span>
     <span class='ocr_line' id='line_1_30' title="bbox 278 1896 1801 1934; baseline 0.002 -11"><span class='ocrx_word' id='word_1_279' title='bbox 278 1896 346 1923; x_wconf 87' lang='lat' dir='ltr'><strong>dans</strong></span> <span class='ocrx_word' id='word_1_280' title='bbox 364 1896 392 1924; x_wconf 86' lang='lat' dir='ltr'><strong>la</strong></span> <span class='ocrx_word' id='word_1_281' title='bbox 410 1896 447 1924; x_wconf 86' lang='lat' dir='ltr'><strong>foi</strong></span> <span class='ocrx_word' id='word_1_282' title='bbox 466 1905 513 1924; x_wconf 86' lang='lat' dir='ltr'><strong>son</strong></span> <span class='ocrx_word' id='word_1_283' title='bbox 533 1896 651 1932; x_wconf 88' lang='lat' dir='ltr'><strong>principe</strong></span> <span class='ocrx_word' id='word_1_284' title='bbox 669 1898 696 1925; x_wconf 87' lang='lat' dir='ltr'><strong>et</strong></span> <span class='ocrx_word' id='word_1_285' title='bbox 714 1905 746 1925; x_wconf 83' lang='lat' dir='ltr'><strong>sa</strong></span> <span class='ocrx_word' id='word_1_286' title='bbox 763 1898 836 1934; x_wconf 74' lang='lat' dir='ltr'><strong>tegle</strong></span> <span class='ocrx_word' id='word_1_287' title='bbox 854 1898 882 1925; x_wconf 80' lang='lat' dir='ltr'><strong>ct</strong></span> <span class='ocrx_word' id='word_1_288' title='bbox 900 1897 1010 1925; x_wconf 87' lang='lat' dir='ltr'><strong>cherche</strong></span> <span class='ocrx_word' id='word_1_289' title='bbox 1028 1897 1043 1925; x_wconf 72' lang='grc' dir='ltr'><strong>ὲ</strong></span> <span class='ocrx_word' id='word_1_290' title='bbox 1056 1896 1166 1925; x_wconf 73' lang='grc' dir='ltr'><strong>ε’ἑίόνει·</strong></span> <span class='ocrx_word' id='word_1_291' title='bbox 1184 1906 1201 1925; x_wconf 87' lang='lat' dir='ltr'><strong>a</strong></span> <span class='ocrx_word' id='word_1_292' title='bbox 1221 1897 1410 1933; x_wconf 73' lang='lat' dir='ltr'><strong>l&#39;intelligence</strong></span> <span class='ocrx_word' id='word_1_293' title='bbox 1429 1896 1475 1925; x_wconf 81' lang='lat' dir='ltr'><strong>des</strong></span> <span class='ocrx_word' id='word_1_294' title='bbox 1487 1896 1584 1925; x_wconf 68' lang='lat' dir='ltr'><strong>vetites</strong></span> <span class='ocrx_word' id='word_1_295' title='bbox 1596 1897 1733 1933; x_wconf 71' lang='lat' dir='ltr'><strong>acceptees</strong></span> <span class='ocrx_word' id='word_1_296' title='bbox 1751 1906 1801 1934; x_wconf 74' lang='lat' dir='ltr'><strong>par</strong></span> 
     </span>
     <span class='ocr_line' id='line_1_31' title="bbox 277 1946 1799 1984; baseline 0.001 -10"><span class='ocrx_word' id='word_1_297' title='bbox 277 1946 306 1975; x_wconf 90' lang='lat' dir='ltr'><strong>la</strong></span> <span class='ocrx_word' id='word_1_298' title='bbox 324 1946 375 1975; x_wconf 81' lang='lat' dir='ltr'><strong>foi:</strong></span> <span class='ocrx_word' id='word_1_299' title='bbox 408 1946 474 1974; x_wconf 79' lang='lat' dir='ltr'><strong>fidos</strong></span> <span class='ocrx_word' id='word_1_300' title='bbox 491 1955 621 1982; x_wconf 83' lang='lat' dir='ltr'><strong>quaerens</strong></span> <span class='ocrx_word' id='word_1_301' title='bbox 639 1947 833 1976; x_wconf 85' lang='lat' dir='ltr'><strong>intellectum.“</strong></span> <span class='ocrx_word' id='word_1_302' title='bbox 854 1963 888 1968; x_wconf 94' lang='lat'><strong>—</strong></span> <span class='ocrx_word' id='word_1_303' title='bbox 907 1948 997 1984; x_wconf 72' lang='lat' dir='ltr'><strong>Atque</strong></span> <span class='ocrx_word' id='word_1_304' title='bbox 1024 1948 1074 1975; x_wconf 82' lang='lat' dir='ltr'><strong>illa</strong></span> <span class='ocrx_word' id='word_1_305' title='bbox 1091 1956 1207 1983; x_wconf 74' lang='lat' dir='ltr'><strong>quoqne,</strong></span> <span class='ocrx_word' id='word_1_306' title='bbox 1233 1955 1301 1982; x_wconf 81' lang='lat' dir='ltr'><strong>quae</strong></span> <span class='ocrx_word' id='word_1_307' title='bbox 1319 1947 1439 1975; x_wconf 78' lang='lat' dir='ltr'><strong>Moehler</strong></span> <span class='ocrx_word' id='word_1_308' title='bbox 1456 1947 1648 1982; x_wconf 67' lang='lat' dir='ltr'><strong>(Gesammelte</strong></span> <span class='ocrx_word' id='word_1_309' title='bbox 1664 1947 1799 1976; x_wconf 70' lang='lat' dir='ltr'><strong>Schriften</strong></span> 
     </span>
     <span class='ocr_line' id='line_1_32' title="bbox 278 1996 1801 2033; baseline 0.001 -9"><span class='ocrx_word' id='word_1_310' title='bbox 278 2005 306 2024; x_wconf 89' lang='lat' dir='ltr'><strong>u.</strong></span> <span class='ocrx_word' id='word_1_311' title='bbox 324 1996 453 2024; x_wconf 68' lang='lat' dir='ltr'><strong>Aufsitze</strong></span> <span class='ocrx_word' id='word_1_312' title='bbox 472 1997 486 2024; x_wconf 97' lang='lat' dir='ltr'>I</span> <span class='ocrx_word' id='word_1_313' title='bbox 505 2005 530 2032; x_wconf 90' lang='lat' dir='ltr'><strong>p.</strong></span> <span class='ocrx_word' id='word_1_314' title='bbox 546 1998 599 2026; x_wconf 80' lang='lat'><strong>138</strong></span> <span class='ocrx_word' id='word_1_315' title='bbox 617 1997 686 2032; x_wconf 84' lang='lat' dir='ltr'><strong>sqq.)</strong></span> <span class='ocrx_word' id='word_1_316' title='bbox 706 1997 739 2024; x_wconf 87' lang='lat' dir='ltr'><strong>de</strong></span> <span class='ocrx_word' id='word_1_317' title='bbox 758 1998 870 2025; x_wconf 83' lang='lat' dir='ltr'><strong>rationis</strong></span> <span class='ocrx_word' id='word_1_318' title='bbox 888 2000 916 2025; x_wconf 86' lang='lat' dir='ltr'><strong>et</strong></span> <span class='ocrx_word' id='word_1_319' title='bbox 933 1998 995 2025; x_wconf 88' lang='lat' dir='ltr'><strong>fidei</strong></span> <span class='ocrx_word' id='word_1_320' title='bbox 1013 1997 1146 2025; x_wconf 87' lang='lat' dir='ltr'><strong>consortio</strong></span> <span class='ocrx_word' id='word_1_321' title='bbox 1164 1996 1308 2024; x_wconf 86' lang='lat' dir='ltr'><strong>secundum</strong></span> <span class='ocrx_word' id='word_1_322' title='bbox 1328 1997 1484 2024; x_wconf 77' lang='lat' dir='ltr'><strong>Anselmum</strong></span> <span class='ocrx_word' id='word_1_323' title='bbox 1505 1998 1637 2032; x_wconf 80' lang='lat' dir='ltr'><strong>exposuit,</strong></span> <span class='ocrx_word' id='word_1_324' title='bbox 1655 1998 1801 2033; x_wconf 76' lang='lat' dir='ltr'><strong>speciosius</strong></span> 
     </span>
     <span class='ocr_line' id='line_1_33' title="bbox 277 2046 1801 2082; baseline 0.001 -8"><span class='ocrx_word' id='word_1_325' title='bbox 277 2054 359 2081; x_wconf 78' lang='lat' dir='ltr'><strong>quam</strong></span> <span class='ocrx_word' id='word_1_326' title='bbox 378 2046 468 2074; x_wconf 86' lang='lat' dir='ltr'><strong>verius</strong></span> <span class='ocrx_word' id='word_1_327' title='bbox 486 2046 605 2082; x_wconf 82' lang='lat' dir='ltr'><strong>cogitata</strong></span> <span class='ocrx_word' id='word_1_328' title='bbox 624 2046 757 2075; x_wconf 87' lang='lat' dir='ltr'><strong>videntur.</strong></span> <span class='ocrx_word' id='word_1_329' title='bbox 795 2047 871 2081; x_wconf 81' lang='lat' dir='ltr'><strong>Quod</strong></span> <span class='ocrx_word' id='word_1_330' title='bbox 890 2047 959 2075; x_wconf 85' lang='lat' dir='ltr'><strong>enim</strong></span> <span class='ocrx_word' id='word_1_331' title='bbox 979 2046 1053 2082; x_wconf 77' lang='lat' dir='ltr'><strong>dicit,</strong></span> <span class='ocrx_word' id='word_1_332' title='bbox 1071 2046 1198 2075; x_wconf 80' lang='lat' dir='ltr'><strong>Anselmo</strong></span> <span class='ocrx_word' id='word_1_333' title='bbox 1216 2046 1372 2081; x_wconf 85' lang='lat' dir='ltr'><strong>religionem</strong></span> <span class='ocrx_word' id='word_1_334' title='bbox 1391 2046 1567 2075; x_wconf 71' lang='lat' dir='ltr'><strong>christianam</strong></span> <span class='ocrx_word' id='word_1_335' title='bbox 1586 2046 1697 2075; x_wconf 84' lang='lat' dir='ltr'><strong>eandem</strong></span> <span class='ocrx_word' id='word_1_336' title='bbox 1716 2047 1801 2076; x_wconf 70' lang='lat' dir='ltr'><strong>fuine</strong></span> 
     </span>
     <span class='ocr_line' id='line_1_34' title="bbox 277 2096 1801 2132; baseline 0.001 -9"><span class='ocrx_word' id='word_1_337' title='bbox 277 2097 358 2131; x_wconf 82' lang='lat' dir='ltr'><strong>atque</strong></span> <span class='ocrx_word' id='word_1_338' title='bbox 376 2105 467 2124; x_wconf 78' lang='lat' dir='ltr'><strong>veram</strong></span> <span class='ocrx_word' id='word_1_339' title='bbox 485 2097 692 2131; x_wconf 77' lang='lat' dir='ltr'><strong>philosophiam,</strong></span> <span class='ocrx_word' id='word_1_340' title='bbox 716 2097 846 2125; x_wconf 86' lang='lat' dir='ltr'><strong>rationem</strong></span> <span class='ocrx_word' id='word_1_341' title='bbox 872 2097 1018 2125; x_wconf 79' lang='lat' dir='ltr'><strong>humanam</strong></span> <span class='ocrx_word' id='word_1_342' title='bbox 1044 2097 1097 2124; x_wconf 85' lang='lat' dir='ltr'><strong>nisi</strong></span> <span class='ocrx_word' id='word_1_343' title='bbox 1115 2096 1168 2124; x_wconf 80' lang='lat' dir='ltr'><strong>fide</strong></span> <span class='ocrx_word' id='word_1_344' title='bbox 1185 2096 1252 2124; x_wconf 88' lang='lat' dir='ltr'><strong>duce</strong></span> <span class='ocrx_word' id='word_1_345' title='bbox 1269 2105 1321 2124; x_wconf 88' lang='lat' dir='ltr'><strong>non</strong></span> <span class='ocrx_word' id='word_1_346' title='bbox 1341 2096 1433 2131; x_wconf 86' lang='lat' dir='ltr'><strong>excoli,</strong></span> <span class='ocrx_word' id='word_1_347' title='bbox 1459 2096 1623 2132; x_wconf 80' lang='lat' dir='ltr'><strong>theologiam</strong></span> <span class='ocrx_word' id='word_1_348' title='bbox 1651 2104 1734 2132; x_wconf 79' lang='lat' dir='ltr'><strong>quam</strong></span> <span class='ocrx_word' id='word_1_349' title='bbox 1754 2105 1801 2125; x_wconf 79' lang='lat' dir='ltr'><strong>vo-</strong></span> 
     </span>
     <span class='ocr_line' id='line_1_35' title="bbox 250 2145 1473 2181; baseline 0.001 -9"><span class='ocrx_word' id='word_1_350' title='bbox 250 2174 253 2176; x_wconf 73' lang='grc'><strong>,</strong></span> <span class='ocrx_word' id='word_1_351' title='bbox 276 2147 340 2172; x_wconf 86' lang='lat' dir='ltr'><strong>cant</strong></span> <span class='ocrx_word' id='word_1_352' title='bbox 358 2145 520 2180; x_wconf 77' lang='lat' dir='ltr'><strong>naturalem,</strong></span> <span class='ocrx_word' id='word_1_353' title='bbox 541 2145 719 2180; x_wconf 75' lang='lat' dir='ltr'><strong>reficiendam,</strong></span> <span class='ocrx_word' id='word_1_354' title='bbox 738 2147 766 2173; x_wconf 86' lang='lat' dir='ltr'><strong>et</strong></span> <span class='ocrx_word' id='word_1_355' title='bbox 783 2154 851 2181; x_wconf 81' lang='lat' dir='ltr'><strong>quae</strong></span> <span class='ocrx_word' id='word_1_356' title='bbox 869 2148 934 2173; x_wconf 88' lang='lat' dir='ltr'><strong>sunt</strong></span> <span class='ocrx_word' id='word_1_357' title='bbox 951 2146 1006 2174; x_wconf 84' lang='lat' dir='ltr'><strong>alia</strong></span> <span class='ocrx_word' id='word_1_358' title='bbox 1024 2145 1162 2180; x_wconf 87' lang='lat' dir='ltr'><strong>eiusmodi,</strong></span> <span class='ocrx_word' id='word_1_359' title='bbox 1181 2145 1286 2181; x_wconf 81' lang='lat' dir='ltr'><strong>probari</strong></span> <span class='ocrx_word' id='word_1_360' title='bbox 1305 2154 1358 2173; x_wconf 89' lang='lat' dir='ltr'><strong>non</strong></span> <span class='ocrx_word' id='word_1_361' title='bbox 1377 2147 1473 2180; x_wconf 78' lang='lat' dir='ltr'><strong>potest.</strong></span> 
     </span>
     <span class='ocr_line' id='line_1_36' title="bbox 386 2194 1140 2232; baseline 0.003 -10"><span class='ocrx_word' id='word_1_362' title='bbox 386 2195 410 2228; x_wconf 81' lang='lat'><strong>⁵)</strong></span> <span class='ocrx_word' id='word_1_363' title='bbox 430 2194 472 2222; x_wconf 83' lang='lat' dir='ltr'><strong>Cf.</strong></span> <span class='ocrx_word' id='word_1_364' title='bbox 491 2194 518 2223; x_wconf 87' lang='lat' dir='ltr'><strong>S.</strong></span> <span class='ocrx_word' id='word_1_365' title='bbox 537 2195 653 2223; x_wconf 84' lang='lat' dir='ltr'><strong>Thomas</strong></span> <span class='ocrx_word' id='word_1_366' title='bbox 671 2203 777 2224; x_wconf 87' lang='lat' dir='ltr'><strong>summa</strong></span> <span class='ocrx_word' id='word_1_367' title='bbox 795 2197 888 2224; x_wconf 84' lang='lat' dir='ltr'><strong>contra</strong></span> <span class='ocrx_word' id='word_1_368' title='bbox 904 2197 999 2232; x_wconf 80' lang='lat' dir='ltr'><strong>gentes</strong></span> <span class='ocrx_word' id='word_1_369' title='bbox 1017 2204 1040 2224; x_wconf 91' lang='lat' dir='ltr'><strong>c.</strong></span> <span class='ocrx_word' id='word_1_370' title='bbox 1060 2196 1140 2224; x_wconf 78' lang='lat'>4—5.</span> 
     </span>
     <span class='ocr_line' id='line_1_37' title="bbox 386 2244 761 2280; baseline 0.005 -8"><span class='ocrx_word' id='word_1_371' title='bbox 386 2245 408 2280; x_wconf 60' lang='grc' dir='ltr'><strong>Β)</strong></span> <span class='ocrx_word' id='word_1_372' title='bbox 427 2245 469 2272; x_wconf 82' lang='lat' dir='ltr'><strong>Cf.</strong></span> <span class='ocrx_word' id='word_1_373' title='bbox 488 2246 550 2273; x_wconf 88' lang='lat' dir='ltr'><strong>cont</strong></span> <span class='ocrx_word' id='word_1_374' title='bbox 568 2244 674 2273; x_wconf 75' lang='lat' dir='ltr'><strong>Gannil.</strong></span> <span class='ocrx_word' id='word_1_375' title='bbox 694 2253 716 2273; x_wconf 88' lang='lat' dir='ltr'><strong>c.</strong></span> <span class='ocrx_word' id='word_1_376' title='bbox 736 2249 761 2276; x_wconf 87' lang='lat'><strong>8.</strong></span> 
     </span>
    </p>
   </div>
   <div class='ocr_carea' id='block_1_10' title="bbox 0 2294 891 2718">
    <p class='ocr_par' dir='ltr' id='par_1_10' title="bbox 0 2294 891 2718">
     <span class='ocr_line' id='line_1_38' title="bbox 0 2294 891 2718; baseline 0 0"><span class='ocrx_word' id='word_1_377' title='bbox 0 2294 891 2718; x_wconf 95' lang='lat' dir='ltr'><strong> </strong></span> 
     </span>
    </p>
   </div>
   <div class='ocr_carea' id='block_1_11' title="bbox 1698 2605 2063 2718">
    <p class='ocr_par' dir='ltr' id='par_1_11' title="bbox 1698 2605 2063 2718">
     <span class='ocr_line' id='line_1_39' title="bbox 1698 2605 2063 2718; baseline 0 0"><span class='ocrx_word' id='word_1_378' title='bbox 1698 2605 2063 2718; x_wconf 95' lang='lat' dir='ltr'><strong> </strong></span> 
     </span>
    </p>
   </div>
  </div>
 </body>
</html>
