2063 2718
1765 44 1849 121 ⁷

223 194 226 197 ⁴
270 177 323 234 est
348 194 414 233 Dei
441 194 545 232 unius
573 193 667 239 trini,
700 193 815 243 imago
842 193 951 242 igitur
978 193 1053 232 eius
1087 193 1155 242 qui¹
1182 195 1235 231 est
1271 204 1404 231 summa
1430 192 1568 231 veritas.
1625 193 1735 239 „Nam
1762 192 1817 231 si·

269 273 365 301 mens
400 262 477 311 ipsa
504 263 577 301 sola
604 273 647 300 ex
676 262 845 308 omnibus,
874 273 961 310 quae
988 262 1077 300 faeta
1104 264 1197 307 sunt,
1231 262 1285 300 sui
1312 273 1442 299 memor
1462 263 1504 312 et
1530 250 1733 310 intelligens
1759 263 1796 299 et

236 321 240 322 ⁷
269 342 388 369 amans
415 342 488 369 esse
515 333 638 378 potest,
672 343 741 368 non
768 331 868 368 video
896 342 957 368 cnr
976 320 1129 378 >negetur
1163 341 1236 367 esse
1275 330 1312 367 in
1339 330 1402 367 illa
1429 340 1511 368 vera
1530 329 1662 378 ‘imago
1695 329 1809 377 illius

269 399 436 436 essentiae
465 410 551 446 quae
578 410 639 446 per
667 399 720 435 sui
748 399 942 436 memoriam
971 400 1007 435 et
1033 398 1301 446 intelligentiam
1328 400 1364 434 et
1391 408 1540 436 amorem
1571 397 1609 435 in
1636 397 1793 436 trinitate

270 466 437 505 ineffabili
471 466 637 505 consistit.
691 465 762 503 Aut
791 468 881 504 certe
908 466 988 504 inde
1015 465 1131 503 verius
1159 477 1232 504 esse
1259 466 1356 503 illius
1384 477 1420 504 se
1447 467 1572 514 probat
1597 466 1794 515 imaginem,

270 534 351 581 quia
377 534 474 570 illius
501 536 614 581 potest
641 544 714 570 esse
742 544 878 577 memor,
915 533 1017 569 illum
1044 533 1241 580 intelligere
1269 535 1304 570 et
1332 535 1465 570 amare“
1476 532 1505 579 ¹)
1558 533 1657 571 Mens
1683 533 1794 582 igitur

269 602 428 646 humana,
464 613 541 638 cum
575 601 621 637 sit
655 601 729 637 eius
766 600 825 647 qui
853 603 906 637 est
933 612 1065 637 summa
1092 600 1218 637 veritas
1246 601 1370 647 imago,
1407 600 1483 647 ipsa
1510 612 1644 647 quoque
1672 611 1792 638 verum

271 678 473 716 cognoscere
507 667 617 715 possit
654 670 795 715 oportet.
853 667 943 715 Quin
980 667 1083 704 etiam
1119 667 1183 704 hac
1220 667 1295 714 ipsa
1331 668 1372 704 de
1407 679 1508 706 causa
1544 667 1616 705 veri
1650 678 1795 716 cognos—

272 736 370 774 cendi
406 737 568 774 facultate
607 736 742 780 fruitur,
785 736 866 783 quia
902 735 979 779 Dei.
1004 735 1187 783 imaginem
1221 747 1302 783 prae
1331 747 1367 773 se
1395 737 1470 773 fert.
1526 736 1594 781 „Et
1635 736 1792 784 quamvis

272 804 381 842 omnis
409 806 563 842 creatura
590 805 625 842 te
652 804 779 849 laudet,
815 806 849 842 tc
878 805 1064 842 creatorem
1092 815 1191 841 suum
1229 806 1264 842 et
1291 805 1554 852 gubernatorem
1581 816 1656 843 esse
1684 805 1793 843 recla-

274 875 354 917 met,
390 875 504 909 tamen
531 884 600 909 non
627 873 737 909 omnis
764 875 919 909 creatura
956 876 990 908 te
1027 872 1203 919 intelligit,
1240 872 1307 908 nisi
1344 873 1576 908 tantummodo
1614 872 1794 910 rationalis

275 942 310 977 et
337 951 439 987 quam
466 939 576 977 fecisti
604 940 646 976 ad
675 939 863 987 imaginem.
886 941 921 976 et
949 939 1207 976 similitudinem
1235 942 1359 977 tuam.“
1372 938 1400 984 ²)

384 1021 439 1056 Ex
466 1020 521 1056 his
549 1020 723 1056 evidenter
750 1021 901 1066 apparet,
929 1021 1077 1056 mentem
1105 1019 1288 1057 secundum
1316 1019 1517 1057 Anselmum
1545 1021 1619 1057 sola
1651 1020 1795 1058 rationis

276 1089 353 1126 luce
388 1087 539 1125 adiutam
573 1087 616 1124 ad
644 1098 761 1124 verum
788 1086 1042 1134 percipiendum
1079 1089 1193 1134 aptam
1221 1098 1303 1131 esse,
1348 1098 1457 1135 neque
1494 1087 1607 1125 minus
1644 1088 1796 1126 dubitari

275 1156 367 1200 licet,
412 1155 496 1203 quin
523 1166 591 1192 non
627 1155 726 1191 modo
760 1165 885 1199 veram,
930 1154 990 1191 sed
1026 1154 1129 1191 etiam
1165 1155 1294 1196 firmam
1333 1157 1525 1202 certamque
1562 1155 1793 1203 cognitionem

272 1223 383 1271 possit
409 1223 594 1270 acquirere.
648 1221 752 1259 Ratio
793 1222 834 1258 ut
871 1221 913 1258 de
954 1221 1070 1269 aliqua
1106 1232 1142 1258 re
1179 1222 1316 1269 cognita
1352 1222 1398 1258 sit
1433 1224 1535 1267 certa,
1578 1223 1792 1272 argumentis

273 1292 439 1329 commota
466 1290 516 1328 ita
542 1289 749 1327 assentiatur
776 1291 919 1336 oportet,
961 1291 1002 1327 ut
1029 1301 1127 1328 omne
1162 1290 1203 1327 de
1230 1289 1303 1327 eius
1330 1289 1475 1327 veritate
1503 1286 1647 1329 dubium
1674 1292 1793 1330 exclu-

275 1359 385 1396 datur.
443 1359 589 1403 „Verum
616 1361 730 1395 tamen
764 1358 795 1394 si
821 1357 875 1394 vel
912 1368 981 1394 uua
1008 1358 1049 1394 de
1083 1357 1250 1402 omnibus,
1295 1368 1380 1404 quas
1414 1358 1524 1404 posui,
1569 1358 1793 1407 (rationibus)

272 1425 535 1473 inexpugnabili
571 1425 715 1462 veritate
751 1425 939 1468 roboratur,
976 1425 1130 1465 sufficere
1168 1424 1276 1461 debet.
1332 1425 1413 1462 Sive
1440 1436 1586 1472 namque
1620 1426 1690 1463 nno
1718 1426 1792 1464 sive

234 1503 243 1507 “
273 1492 432 1542 pluribus
472 1492 683 1540 argumentis
726 1491 851 1530 veritas
893 1491 1207 1540 inexpugnabiliter
1249 1494 1466 1538 monstretur,
1517 1493 1708 1541 aequaliter
1748 1494 1793 1533 ab

275 1562 368 1598 omni
396 1561 607 1597 dubitatione
627 1558 887 1604 defenditur.“³)
943 1559 1139 1596 Cuiusmodi
1167 1560 1297 1595 firmam
1324 1561 1367 1596 ab
1396 1560 1487 1596 omni
1516 1561 1620 1598 dubio
1646 1561 1795 1599 alienam

276 1627 505 1666 assensionem
541 1630 580 1664 ut
614 1628 823 1674 assequatur,
865 1637 961 1664 mens
998 1637 1238 1674 saepenumero
1276 1626 1491 1665 diiudicando
1528 1630 1564 1665 et
1598 1628 1794 1677 colligendo

276 1707 348 1733 rem
383 1698 509 1732 certam
544 1696 752 1731 demonstret
787 1705 923 1731 necesse
961 1697 1022 1731 est.
1079 1694 1176 1741 Quod
1210 1697 1250 1730 ut
1285 1694 1395 1741 possit
1431 1695 1573 1740 efficere,
1620 1696 1796 1743 cogitandi

276 1754 395 1800 norma
414 1764 517 1809 atque
541 1762 662 1809 regula
681 1773 766 1809 opus
785 1764 847 1806 est,
875 1772 961 1808 quae
979 1761 1064 1799 artis
1082 1761 1213 1809 logicae
1233 1761 1331 1808 quasi
1348 1762 1517 1809 quoddam
1535 1760 1796 1801 fundamentum

277 1833 339 1868 est.
387 1830 479 1877 Quae
508 1829 645 1876 quidem
672 1829 793 1876 regula
821 1827 1098 1866 contradictionis
1126 1829 1217 1875 quod
1244 1831 1368 1865 vocant
1395 1829 1562 1876 princ-ipio
1591 1830 1795 1868 continetur.

279 1896 443 1946 Quisquis
471 1896 580 1945 igitur
607 1895 714 1933 menti
742 1899 852 1933 certae
881 1895 1087 1944 cognitionis
1124 1894 1327 1943 dignitatem
1362 1896 1531 1942 attribuit,
1578 1897 1667 1935 illud
1703 1898 1797 1946 prin—

279 1965 406 2013 cipium
433 1967 512 2002 ante
541 1965 673 2001 omnem
701 1963 957 2011 inquisitionem
986 1965 1113 2000 certum
1142 1975 1211 2000 non
1238 1966 1352 2010 potest
1380 1964 1463 2010 quin
1492 1967 1631 2002 statuat.
1681 1965 1798 2013 Atque

391 2110 412 2143 ¹)
431 2108 528 2135 Monoi.
548 2115 570 2134 c.
589 2107 633 2135 67.

389 2157 412 2193 ²)
431 2156 523 2184 Medit.
544 2155 596 2184 111.
615 2154 649 2183 cf.
667 2154 766 2183 Monoi.
784 2162 807 2183 e.
826 2155 869 2183 66.

391 2207 413 2243 ⁸)
433 2205 489 2234 Cur
508 2205 579 2233 Deus
597 2204 676 2232 homb
695 2204 717 2239 Ι,
737 2205 780 2234 24.
