2063 2718
381 279 467 317 Cum
502 278 625 317 ceteris
651 281 727 317 tum
754 279 809 317 illi
837 280 916 328 ipsi,
945 291 1044 328 quem
1073 283 1205 328 patrem
1232 282 1268 317 et
1295 280 1413 318 ducem
1442 279 1587 318 Scholae
1615 280 1793 319 doctorum

271 349 363 385 recte
390 347 631 392 nominaveris,
677 347 713 383 S.
741 346 905 385 Anselmo
941 348 1026 385 vitio
1061 350 1210 393 vertunt,
1256 349 1347 395 quod
1381 348 1446 385 hoc
1482 346 1720 395 philosophiae
1754 347 1792 384 in

271 413 466 463 theologiae
512 414 714 452 servitutem
750 415 906 453 redactae
944 427 1053 464 genus
1089 415 1274 460 induxerit,
1315 415 1441 463 quippe
1478 414 1539 462 qui
1573 414 1642 452 nisi
1678 425 1699 453 a
1726 403 1792 453 fide

272 492 432 518 exorsum
459 482 503 518 ad
531 481 708 519 scientiam
736 493 772 519 se
799 483 977 529 pervenire
1013 494 1113 529 posse
1150 482 1337 530 negaverit.
1394 482 1487 529 Quae
1523 493 1601 519 cum
1627 482 1678 518 ita
1711 481 1793 525 sint,

273 558 395 595 operae
432 547 582 594 pretium
617 548 755 585 videtur
789 549 940 586 breviter
976 549 1158 596 inquirere,
1195 550 1229 586 S.
1257 548 1441 586 Anselmus
1475 550 1592 585 utrum
1626 548 1793 585 rationem

272 615 457 650 humanam
493 614 630 651 omnino
667 626 688 651 a
723 615 790 652 fide
819 616 1007 662 dependere
1041 616 1197 659 voluen't,
1233 627 1275 652 au
1310 615 1482 662 propriam
1517 615 1549 651 ei
1583 615 1793 662 provinciam

274 681 488 725 concesserit,
517 681 589 719 sive
617 682 819 719 statueritne
847 682 989 719 rationis
1017 682 1244 730 cognitionem
1273 683 1389 727 solam,
1429 694 1515 729 quae
1543 684 1716 729 sequatur,
1748 693 1792 719 an

273 734 396 792 etiam,
416 758 504 795 quae
530 749 712 795 praecedat
738 750 849 786 fidem.

385 817 587 863 Quicunque
617 817 651 852 S.
680 816 835 853 Anselmi
864 817 991 862 sciipta
1019 817 1129 853 obiter
1156 818 1364 863 pervolverit
1398 818 1530 853 firmam
1558 818 1631 853 eius
1659 819 1793 853 senten-

274 883 359 922 tiam
386 884 492 922 fuisse
521 884 729 932 opinabitur,
763 884 928 922 rationem
955 885 1138 922 humanam
1166 884 1233 922 nisi
1260 885 1481 932 praecedente
1509 885 1576 922 fide
1604 885 1648 922 ad
1674 896 1792 922 verum

276 953 550 1000 cognoscendum
578 953 758 999 procedere
785 964 853 989 non
882 964 991 999 posse.
1048 953 1188 999 „Neque
1216 953 1336 996 enim‚“
1373 952 1498 1000 inquit,
1510 952 1537 998 1)
1567 964 1713 999 „quaero
1741 953 1794 989 in-

276 1019 434 1067 telligere
471 1021 511 1055 ut
548 1020 691 1064 credam,
729 1020 787 1056 sed
823 1020 921 1057 credo
958 1022 998 1056 ut
1035 1019 1236 1067 intelligam.
1293 1020 1381 1056 Nam
1417 1021 1452 1056 et
1488 1020 1553 1057 hoc
1586 1020 1684 1056 credo
1714 1020 1795 1067 quia

276 1087 345 1123 nisi
373 1087 557 1131 credidero,
594 1098 662 1123 11011
699 1087 922 1134 intelligam.“
977 1086 1092 1134 Atque
1127 1087 1164 1123 in
1192 1087 1337 1134 epistola
1370 1088 1413 1124 ad
1448 1087 1644 1134 episcopum
1671 1088 1795 1124 Belvar

277 1165 413 1191 censem
440 1154 628 1190 Falconem
657 1156 774 1191 contra
798 1154 1018 1190 Roscelinum
1047 1154 1172 1201 scripta
1199 1155 1283 1191 haec
1310 1155 1430 1191 habet:
1470 1154 1706 1199 „Christianus
1733 1165 1795 1202 per

276 1223 378 1260 fidem
407 1222 507 1259 debet
535 1223 580 1259 ad
605 1222 818 1259 intellectum
847 1223 1019 1269 proficere,
1055 1233 1123 1259 non
1157 1233 1218 1269 per
1244 1222 1458 1259 intellectum
1493 1223 1537 1259 ad
1573 1222 1675 1259 fidem
1702 1233 1795 1260 acce-

278 1290 367 1335 dere,
395 1291 456 1327 aut
483 1289 514 1326 si
540 1288 736 1337 intelligere
762 1300 831 1326 non
862 1289 965 1334 valet,
1003 1301 1024 1326 a
1050 1289 1116 1326 fide
1144 1287 1368 1336 recede1·e.“²)
1422 1288 1619 1327 Intellectui
1646 1289 1795 1327 medium

276 1358 390 1395 locum
418 1356 578 1394 attribuit
604 1356 695 1393 inter
721 1357 822 1393 fidem
851 1359 886 1394 et
914 1357 1060 1404 speciem
1088 1368 1149 1394 seu
1176 1357 1341 1394 visionem
1371 1356 1452 1393 Dei:
1490 1356 1679 1404 „Quoniam
1705 1357 1797 1393 inter

276 1425 379 1462 fidem
407 1426 443 1462 et
469 1423 617 1472 speciem
644 1423 868 1469 intellectum,
897 1435 997 1472 quem
1024 1424 1062 1461 in
1088 1425 1153 1463 hac
1180 1424 1253 1461 vita
1276 1423 1438 1472 capimus,
1467 1434 1540 1461 esse
1567 1424 1716 1462 medium
1743 1424 1795 1462 in-

277 1492 410 1540 telligo,
448 1494 576 1539 quanto
604 1492 730 1539 aliquis
758 1493 801 1529 ad
828 1492 928 1529 illum
956 1492 1100 1539 proficit,
1137 1494 1232 1529 tanto
1267 1503 1344 1529 eum
1372 1492 1645 1539 appropinquare
1672 1492 1797 1540 speciei

277 1558 502 1607 existimo.“³)
557 1560 739 1598 Praeterea
766 1560 801 1597 S.
839 1558 1024 1597 Anselmus
1058 1559 1182 1597 iterum
1219 1560 1254 1597 et
1291 1559 1426 1608 saepius
1460 1560 1617 1605 affirmat,
1665 1560 1797 1598 nullam

278 1629 420 1666 rationis
449 1629 677 1676 cognitionem
705 1639 819 1665 veram
848 1631 1022 1675 ratamque
1064 1639 1099 1665 se
1136 1630 1258 1675 putare
1285 1628 1352 1664 nisi
1381 1629 1571 1665 consentiat
1599 1640 1675 1665 cum
1702 1639 1796 1665 reve-

276 1696 405 1734 latione
444 1695 569 1733 divina.
627 1695 685 1740 „Si
714 1696 804 1743 quod
841 1695 987 1740 dixero,“
1033 1695 1156 1743 inquit,
1166 1694 1194 1741 ⁴)
1234 1696 1345 1742 „quod
1380 1695 1488 1733 maior
1513 1707 1583 1733 non
1619 1696 1797 1733 confirmat

277 1763 472 1808 auctoritas,
502 1762 658 1810 quamvis
685 1763 773 1800 illud
800 1763 931 1800 ratione
959 1764 1102 1810 probare
1131 1763 1257 1807 videar,
1285 1775 1354 1800 non
1382 1763 1451 1800 alia
1478 1763 1682 1800 certitudine
1709 1763 1797 1801 acci-

276 1831 401 1879 piatur,
430 1830 497 1867 nisi
525 1831 607 1878 quia
633 1830 769 1868 interim
798 1831 884 1867 mihi
912 1831 961 1868 ita
988 1830 1133 1875 videtur,
1169 1831 1274 1868 donec
1302 1830 1387 1867 mihi
1406 1831 1500 1868 Deus
1528 1831 1651 1868 melius
1679 1830 1795 1879 aliquo

275 1900 376 1936 modo
404 1899 543 1936 revelet.
599 1898 720 1936 Certus
749 1899 838 1936 enim
867 1910 952 1944 sum,
987 1899 1016 1936 si
1045 1899 1127 1947 quid
1156 1899 1241 1944 dico,
1278 1899 1368 1946 quod
1396 1910 1422 1936 s.
1452 1898 1639 1947 scripturae
1667 1899 1796 1946 absque

277 1966 381 2003 dubio
410 1966 628 2010 contradicat,
674 1967 754 2013 quia
782 1967 905 2003 falsum
934 1969 996 2011 est,
1031 1978 1093 2004 nec
1120 1967 1209 2003 illud
1236 1969 1351 2004 tenere
1379 1967 1468 2011 volo,
1515 1967 1544 2004 si
1573 1970 1795 2014 cognovero.“

275 2035 331 2072 Ex
358 2034 414 2072 his
441 2034 518 2073 luce
547 2034 673 2073 clarius
700 2034 836 2073 videtur
863 2046 1035 2083 apparere,
1074 2035 1108 2072 S.
1137 2034 1337 2073 Ansclmum
1371 2034 1495 2073 rationi
1522 2036 1692 2073 humanae
1719 2046 1796 2083 pro-

387 2145 408 2181 1)
426 2145 513 2173 Prosl.
532 2154 554 2174 c.
576 2147 599 2174 1.
620 2145 698 2181 (Opp.
718 2145 758 2173 ed.
778 2145 920 2178 Gerberon‚
941 2147 966 2173 2.
986 2145 1026 2173 ed.
1046 2145 1123 2174 Paris
1145 2146 1234 2181 1721.)

386 2197 408 2229 ⁹)
428 2196 573 2231 Epistolar.
591 2196 639 2225 lib.
657 2196 695 2225 fl.
715 2197 792 2231 epist.
811 2197 854 2224 41.

386 2247 407 2279 ³)
426 2246 467 2273 De
486 2245 538 2272 fide
556 2245 642 2273 trinit.
662 2246 744 2280 praef.

386 2295 408 2331 ⁴¹)
429 2295 484 2323 Cur
502 2295 576 2323 Deus
595 2295 681 2324 homo.
704 2304 725 2324 c.
746 2297 788 2324 18.
