2063 2718
244 184 310 228 θεῖ
325 169 435 222 Ἴ’11113118
459 169 636 229 rationalis
670 184 761 221 inter
794 178 912 221 omnes
946 184 1128 229 creaturas,
1157 193 1244 229 quae
1281 184 1324 220 ad
1360 182 1434 220 eius
1457 182 1771 231 ,investigationem

256 251 435 301 assurgere
469 252 593 299 valeat,
638 251 689 290 ita
733 251 981 307 nihilominus·
1003 252 1121 290 eadem
1142 236 1236 289 ‘sola
1276 253 1340 297 est,
1379 262 1441 300 per
1481 262 1584 300 quam
1623 250 1770 290 maxime

199 350 203 353 r
249 319 403 369 ipsamet
438 321 486 369 ‘ad
522 320 673 358 eiusdem
709 320 941 357 inventionem
977 320 1139 367 proficere
1181 322 1293 367 queat.
1348 320 1437 357 Nam
1474 347 1482 356 .
1512 348 1520 356 .
1549 348 1558 357 .
1594 321 1680 357 haec
1715 320 1770 357 illi
1811 367 1814 369 ,

256 386 402 425 maxime
442 399 505 435 per
544 388 711 425 naturalis
748 387 915 425 essentiae
954 387 1162 435 propinquat
1202 387 1471 425 similitudinem.
1535 387 1626 436 Quid
1661 388 1770 437 igitur

257 456 419 503 apertius,
466 467 567 503 quam
596 457 676 503 quia-
702 466 798 493 mens
831 456 1020 501 rationalis,
1063 458 1190 502 quanto
1219 456 1404 493 studiosius
1437 456 1481 493 ad
1508 466 1544 493 se
1572 456 1771 494 discendum

257 522 415 569 intendit,
460 526 556 562 tanto
598 524 766 562 efficacius
812 524 856 561 ad
895 523 992 561 illius
1038 522 1266 572 cognitionem
1311 523 1479 569 ascendit,
1524 525 1558 561 et
1604 525 1770 572 quantum

258 602 295 629 se
322 591 435 638 ipsum
462 591 590 628 intueri
616 591 776 639 negligit,
803 593 900 628 tanto
928 592 971 628 ab
1000 592 1073 629 eius
1102 591 1331 638 speculatione
1360 591 1563 629 descendit.“
1572 590 1600 638 ¹)
1654 590 1770 638 Atque

258 658 432 706 cognoscit
481 669 576 696 mens
627 669 662 695 se
713 658 823 705 ipsam
875 669 948 695 esse
997 658 1226 695 substantiam
1275 657 1578 704 immaterialem,²)
1633 658 1770 695 immor-

257 726 372 771 talem,
380 724 409 773 ⁸)
457 725 730 774 principiumque
781 726 872 773 quod
921 728 1046 763 vocant
1086 726 1289 774 vegetabile,
1336 726 1506 772 sensibile,
1557 724 1770 773 rationale,⁴)

258 793 370 831 inesse
406 794 552 841 denique
587 795 694 830 totam
733 793 770 830 in
807 793 955 841 singulis
993 793 1143 840 corporis
1180 793 1233 829 sui
1269 793 1439 830 membris.
1448 791 1476 839 ⁵)
1531 793 1628 830 Mens
1655 795 1771 830 autem

258 873 327 898 non
354 861 452 898 modo
481 873 517 898 se
544 861 654 908 ipsam
680 861 857 909 intelligit,
894 872 1012 898 verum
1048 861 1150 898 etiam
1185 872 1239 897 res
1275 861 1431 898 sensibus
1458 860 1585 897 obvias.
1636 860 1771 907 ,Sensus

260 929 397 976 quidem
438 939 537 976 saepe
577 940 640 965 nos
682 929 816 974 fallunt,
857 928 940 966 licet
980 928 1146 966 eiusmodi
1187 928 1308 965 erroris
1351 940 1452 966 causa
1492 917 1561 966 11011
1612 930 1683 965 tam
1732 928 1771 965 in

260 997 417 1033 sensibus
453 1008 555 1043 quam
592 997 629 1033 in
656 997 835 1033 intellectu
863 997 909 1033 sit
936 997 1056 1043 posita.
1114 997 1211 1041 „Non
1238 997 1323 1032 mihi
1358 997 1494 1033 videtur
1527 998 1611 1033 haec
1643 996 1771 1033 veritas

259 1064 317 1101 vel
343 1063 475 1101 falsitas
502 1064 539 1101 in
567 1063 724 1101 sensibus
752 1075 825 1101 esse
854 1064 913 1101 sed
939 1063 976 1100 111
1004 1063 1172 1111 opinione.
1218 1064 1296 1111 Ipse
1323 1075 1469 1110 namque
1492 1074 1611 1101 sensus
1629 1062 1772 1100 interior

260 1142 296 1168 sc
337 1132 438 1176 fallit,
479 1143 548 1168 non
582 1132 637 1167 illi
673 1131 837 1168 mentitur
864 1131 1020 1175 exterior,
1060 1132 1151 1177 quod
1187 1131 1368 1177 aliqnando
1404 1131 1502 1167 facile
1544 1130 1771 1177 cognoscitur,

260 1198 443 1247 aliquando
472 1198 619 1236 difficile.
675 1198 760 1236 Cum
788 1198 878 1236 6111111
905 1209 990 1246 puer
1016 1197 1115 1236 timet
1149 1198 1320 1246 sculptum
1353 1198 1531 1235 draconem
1558 1199 1676 1245 aperta
1703 1207 1771 1242 ore,

259 1267 358 1304 facile
387 1266 603 1313 cognoscitur
631 1266 712 1312 quia
738 1268 803 1303 hoc
831 1278 900 1303 non
928 1266 1008 1303 facit
1035 1266 1139 1310 visus,
1183 1266 1241 1312 (1111
1277 1266 1365 1302 nihil
1393 1266 1487 1302 aliud
1514 1277 1619 1312 puero
1646 1276 1771 1302 renun-

259 1334 334 1380 tiat,
383 1345 486 1383 quam
522 1333 671 1379 senibus,
714 1334 773 1372 sed
808 1333 950 1382 puerilis
978 1345 1098 1372 sensus
1125 1333 1275 1379 interior,
1321 1333 1381 1381 qui
1414 1333 1565 1371 nondum
1591 1332 1678 1371 bene
1705 1331 1773 1372 scit

260 1403 448 1440 disc-emere
475 1403 565 1439 inter
592 1414 663 1439 rem
692 1405 726 1438 et
753 1402 802 1438 rei
830 1403 1097 1439 similitudinem.
1119 1431 1126 1438 .
1147 1431 1154 1438 .
1175 1430 1182 1438 .
1211 1402 1377 1438 Similiter
1405 1413 1481 1438 cum
1508 1401 1608 1437 fustis
1626 1401 1771 1448 integer,

260 1469 357 1507 cuius
384 1480 463 1518 pars
491 1471 544 1507 cst
570 1469 661 1506 intra
688 1480 811 1517 aquam
839 1471 874 1506 et
900 1481 979 1517 pars
1008 1472 1113 1515 extra,
1141 1470 1282 1517 putatur
1309 1469 1447 1514 fractus,
1479 1470 1540 1505 aut
1567 1478 1644 1505 cum
1671 1469 1772 1516 puta.-

54 1578 56 1581 .
259 1548 336 1573 mus
364 1538 455 1583 qnod
481 1537 576 1573 visus
604 1539 720 1573 noster
746 1538 864 1573 vultus
891 1528 1026 1573 nostros
1053 1537 1205 1572 inveniat
1231 1536 1267 1571 in
1296 1537 1444 1582 speculo,
1486 1538 1521 1571 et
1557 1547 1633 1572 cum
1660 1535 1772 1571 multa

80 1652 82 1654 r
262 1604 330 1642 alia
348 1603 447 1642 nobis
466 1604 567 1642 aliter
586 1603 744 1642 videntur
761 1603 855 1641 visus
874 1606 909 1641 et
926 1603 986 1641 alii
1005 1614 1124 1641 sensus
1143 1603 1347 1647 renuntiare,
1368 1614 1470 1650 quam
1484 1602 1565 1647 sint,
1582 1614 1651 1639 non
1670 1601 1773 1650 culpa

30 1656 51 1665 ’
262 1683 423 1709 sensuum
451 1674 512 1715 est,
549 1672 610 1717 qui
636 1671 834 1707 renuntiant
862 1672 953 1717 quod
979 1673 1132 1717 possunt,
1169 1670 1329 1716 quoniam
1356 1670 1406 1706 ita
1432 1680 1531 1716 posse
1559 1671 1772 1716 acceperunt,

262 1741 322 1778 sed
348 1739 474 1778 iudicio
502 1739 634 1777 animae
660 1739 897 1786 imputandum
925 1740 988 1783 est,
1016 1739 1107 1785 quod
1133 1750 1201 1776 11011
1229 1739 1315 1775 bene
1343 1737 1507 1775 discernit
1533 1737 1616 1785 quid
1639 1736 1773 1784 possint

261 1807 317 1845 illi
357 1809 418 1845 aut
445 1806 528 1855 quid
565 1804 778 1853 debeantfffi)
833 1806 931 1843 Mens
958 1816 1038 1843 vero
1076 1806 1231 1853 quamvis
1258 1805 1367 1853 possit
1394 1815 1517 1850 errare,
1562 1805 1643 1853 plus
1670 1814 1773 1852 quam

372 1950 392 1985 ¹)
410 1950 509 1978 Monoi.
527 1958 549 1978 e.
569 1952 612 1978 66.

370 2001 392 2036 2)
411 2000 469 2028 Lib.
488 2000 520 2028 de
538 1999 591 2028 fide
608 2000 693 2028 trinit.
713 2008 734 2027 c.
754 2001 779 2028 3.

373 2052 395 2085 ³)
413 2050 511 2077 Monol.
530 2058 552 2077 c.
573 2052 615 2079 72.

369 2101 392 2133 ⁴)
410 2099 533 2128 Eadmer.
552 2099 598 2126 lib.
618 2098 650 2126 de
669 2099 694 2126 S.
715 2098 831 2126 Anselm.
851 2097 991 2125 similitudi
1011 2105 1032 2124 c.
1053 2097 1112 2125 172.

370 2151 392 2186 ⁵)
411 2149 531 2185 Proslog.
552 2158 574 2178 c.
596 2151 637 2179 13.

370 2201 392 2235 ⁸)
410 2199 480 2228 Diui.
500 2199 533 2227 de
551 2200 626 2227 verit.
646 2208 668 2227 c.
687 2202 711 2228 6.
